<TICKER>,<PER>,<DTYYYYMMDD>,<TIME>,<CLOSE>,<VOLUME>
OTP,0,20140130,090004,4180,6223
OTP,0,20140130,090205,4190,160
OTP,0,20140130,090205,4199,18
OTP,0,20140130,090205,4200,600
OTP,0,20140130,090206,4203,19
OTP,0,20140130,090206,4200,242
OTP,0,20140130,090206,4200,170
OTP,0,20140130,090206,4190,103
OTP,0,20140130,090206,4200,261
OTP,0,20140130,090206,4200,417
OTP,0,20140130,090209,4212,389
OTP,0,20140130,090226,4200,103
OTP,0,20140130,090226,4198,97
OTP,0,20140130,090239,4214,50
OTP,0,20140130,090255,4210,200
OTP,0,20140130,090301,4213,269
OTP,0,20140130,090301,4213,10
OTP,0,20140130,090301,4210,30
OTP,0,20140130,090302,4213,598
OTP,0,20140130,090305,4210,59
OTP,0,20140130,090314,4213,150
OTP,0,20140130,090323,4210,61
OTP,0,20140130,090323,4201,139
OTP,0,20140130,090350,4210,100
OTP,0,20140130,090352,4210,70
OTP,0,20140130,090453,4205,25
OTP,0,20140130,090454,4205,46
OTP,0,20140130,090507,4201,491
OTP,0,20140130,090507,4200,1509
OTP,0,20140130,090511,4200,1253
OTP,0,20140130,090511,4204,800
OTP,0,20140130,090512,4205,19
OTP,0,20140130,090513,4208,20
OTP,0,20140130,090514,4208,80
OTP,0,20140130,090514,4209,440
OTP,0,20140130,090514,4210,172
OTP,0,20140130,090518,4207,50
OTP,0,20140130,090525,4210,588
OTP,0,20140130,090527,4201,1000
OTP,0,20140130,090527,4201,514
OTP,0,20140130,090528,4201,188
OTP,0,20140130,090528,4201,252
OTP,0,20140130,090529,4214,270
OTP,0,20140130,090538,4210,300
OTP,0,20140130,090553,4208,200
OTP,0,20140130,090553,4209,773
OTP,0,20140130,090618,4205,769
OTP,0,20140130,090630,4193,1
OTP,0,20140130,090654,4200,200
OTP,0,20140130,090723,4199,24
OTP,0,20140130,090723,4200,676
OTP,0,20140130,090751,4199,10
OTP,0,20140130,090751,4200,390
OTP,0,20140130,090753,4193,50
OTP,0,20140130,090809,4193,2392
OTP,0,20140130,090809,4194,525
OTP,0,20140130,090809,4195,500
OTP,0,20140130,090810,4193,459
OTP,0,20140130,090816,4190,804
OTP,0,20140130,090837,4190,100
OTP,0,20140130,090856,4194,115
OTP,0,20140130,090924,4190,50
OTP,0,20140130,090935,4189,300
OTP,0,20140130,090935,4188,583
OTP,0,20140130,090939,4188,117
OTP,0,20140130,090939,4190,215
OTP,0,20140130,090939,4193,30
OTP,0,20140130,090939,4194,138
OTP,0,20140130,090943,4190,427
OTP,0,20140130,090948,4189,550
OTP,0,20140130,091001,4190,601
OTP,0,20140130,091002,4188,340
OTP,0,20140130,091033,4186,299
OTP,0,20140130,091039,4182,346
OTP,0,20140130,091039,4181,432
OTP,0,20140130,091039,4180,3578
OTP,0,20140130,091040,4175,2787
OTP,0,20140130,091040,4175,30
OTP,0,20140130,091040,4180,100
OTP,0,20140130,091041,4185,222
OTP,0,20140130,091042,4186,366
OTP,0,20140130,091050,4188,3000
OTP,0,20140130,091052,4175,100
OTP,0,20140130,091054,4188,100
OTP,0,20140130,091115,4188,180
OTP,0,20140130,091115,4188,333
OTP,0,20140130,091153,4187,300
OTP,0,20140130,091215,4187,300
OTP,0,20140130,091219,4188,641
OTP,0,20140130,091240,4189,40
OTP,0,20140130,091240,4190,80
OTP,0,20140130,091242,4190,261
OTP,0,20140130,091247,4187,20200
OTP,0,20140130,091247,4190,1390
OTP,0,20140130,091247,4190,295
OTP,0,20140130,091247,4190,320
OTP,0,20140130,091247,4185,50
OTP,0,20140130,091251,4185,10
OTP,0,20140130,091252,4183,300
OTP,0,20140130,091308,4190,25
OTP,0,20140130,091308,4185,120
OTP,0,20140130,091433,4188,181
OTP,0,20140130,091433,4188,619
OTP,0,20140130,091433,4185,50
OTP,0,20140130,091434,4182,170
OTP,0,20140130,091434,4181,825
OTP,0,20140130,091435,4180,1898
OTP,0,20140130,091436,4175,83
OTP,0,20140130,091437,4172,600
OTP,0,20140130,091437,4171,600
OTP,0,20140130,091446,4175,770
OTP,0,20140130,091450,4185,1000
OTP,0,20140130,091455,4172,50
OTP,0,20140130,091501,4185,82
OTP,0,20140130,091516,4180,75
OTP,0,20140130,091517,4180,45
OTP,0,20140130,091517,4185,26
OTP,0,20140130,091533,4171,30
OTP,0,20140130,091543,4171,770
OTP,0,20140130,091543,4170,2425
OTP,0,20140130,091543,4165,33
OTP,0,20140130,091544,4165,1567
OTP,0,20140130,091624,4170,15
OTP,0,20140130,091637,4170,30
OTP,0,20140130,091639,4162,50
OTP,0,20140130,091646,4162,250
OTP,0,20140130,091655,4169,320
OTP,0,20140130,091701,4169,295
OTP,0,20140130,091709,4169,500
OTP,0,20140130,091713,4169,30
OTP,0,20140130,091714,4161,100
OTP,0,20140130,091716,4169,50
OTP,0,20140130,091726,4169,336
OTP,0,20140130,091726,4170,464
OTP,0,20140130,091738,4165,50
OTP,0,20140130,091747,4170,86
OTP,0,20140130,091829,4169,25
OTP,0,20140130,091829,4170,175
OTP,0,20140130,091835,4169,239
OTP,0,20140130,091835,4169,50
OTP,0,20140130,091844,4169,10
OTP,0,20140130,091921,4167,440
OTP,0,20140130,091948,4169,1
OTP,0,20140130,092004,4169,240
OTP,0,20140130,092004,4170,265
OTP,0,20140130,092045,4169,100
OTP,0,20140130,092047,4168,240
OTP,0,20140130,092047,4167,47
OTP,0,20140130,092047,4166,447
OTP,0,20140130,092047,4165,1050
OTP,0,20140130,092135,4165,10
OTP,0,20140130,092135,4165,1258
OTP,0,20140130,092141,4165,3522
OTP,0,20140130,092142,4162,770
OTP,0,20140130,092149,4161,50
OTP,0,20140130,092151,4165,1500
OTP,0,20140130,092157,4165,215
OTP,0,20140130,092233,4165,70
OTP,0,20140130,092235,4165,43
OTP,0,20140130,092253,4166,549
OTP,0,20140130,092256,4165,100
OTP,0,20140130,092310,4165,15
OTP,0,20140130,092351,4165,75
OTP,0,20140130,092405,4162,60
OTP,0,20140130,092405,4161,940
OTP,0,20140130,092434,4165,230
OTP,0,20140130,092440,4165,773
OTP,0,20140130,092448,4165,1000
OTP,0,20140130,092449,4165,58
OTP,0,20140130,092449,4165,1000
OTP,0,20140130,092449,4166,61
OTP,0,20140130,092451,4162,2
OTP,0,20140130,092459,4162,98
OTP,0,20140130,092459,4161,418
OTP,0,20140130,092459,4160,484
OTP,0,20140130,092504,4167,50
OTP,0,20140130,092504,4165,50
OTP,0,20140130,092529,4163,27
OTP,0,20140130,092529,4160,3245
OTP,0,20140130,092529,4160,348
OTP,0,20140130,092530,4156,475
OTP,0,20140130,092530,4159,100
OTP,0,20140130,092534,4159,200
OTP,0,20140130,092537,4159,730
OTP,0,20140130,092537,4155,447
OTP,0,20140130,092537,4159,263
OTP,0,20140130,092540,4153,2363
OTP,0,20140130,092541,4152,4067
OTP,0,20140130,092553,4152,25
OTP,0,20140130,092559,4159,200
OTP,0,20140130,092616,4159,15
OTP,0,20140130,092623,4159,530
OTP,0,20140130,092632,4153,177
OTP,0,20140130,092632,4152,2621
OTP,0,20140130,092632,4151,1878
OTP,0,20140130,092632,4150,44221
OTP,0,20140130,092632,4150,10
OTP,0,20140130,092633,4152,347
OTP,0,20140130,092633,4150,968
OTP,0,20140130,092635,4149,7
OTP,0,20140130,092636,4147,300
OTP,0,20140130,092636,4145,1
OTP,0,20140130,092636,4144,200
OTP,0,20140130,092636,4141,299
OTP,0,20140130,092636,4141,32
OTP,0,20140130,092637,4141,469
OTP,0,20140130,092642,4140,2000
OTP,0,20140130,092642,4148,12
OTP,0,20140130,092642,4140,2214
OTP,0,20140130,092643,4139,100
OTP,0,20140130,092643,4135,900
OTP,0,20140130,092643,4135,200
OTP,0,20140130,092643,4135,133
OTP,0,20140130,092644,4133,350
OTP,0,20140130,092704,4148,50
OTP,0,20140130,092704,4131,1423
OTP,0,20140130,092707,4148,50
OTP,0,20140130,092708,4131,500
OTP,0,20140130,092708,4130,8109
OTP,0,20140130,092710,4130,5000
OTP,0,20140130,092713,4133,25
OTP,0,20140130,092725,4148,50
OTP,0,20140130,092727,4147,1000
OTP,0,20140130,092730,4135,1200
OTP,0,20140130,092735,4140,20
OTP,0,20140130,092740,4145,190
OTP,0,20140130,092740,4145,810
OTP,0,20140130,092745,4146,360
OTP,0,20140130,092749,4147,470
OTP,0,20140130,092759,4145,15
OTP,0,20140130,092801,4141,100
OTP,0,20140130,092804,4135,200
OTP,0,20140130,092808,4132,130
OTP,0,20140130,092809,4144,4
OTP,0,20140130,092813,4131,400
OTP,0,20140130,092825,4135,30
OTP,0,20140130,092829,4132,100
OTP,0,20140130,092830,4131,100
OTP,0,20140130,092833,4131,377
OTP,0,20140130,092833,4130,1623
OTP,0,20140130,092837,4130,539
OTP,0,20140130,092837,4132,90
OTP,0,20140130,092838,4130,1000
OTP,0,20140130,092839,4132,10
OTP,0,20140130,092839,4135,23
OTP,0,20140130,092841,4135,25
OTP,0,20140130,092847,4133,100
OTP,0,20140130,092850,4131,200
OTP,0,20140130,092851,4130,400
OTP,0,20140130,092852,4130,46
OTP,0,20140130,092854,4130,150
OTP,0,20140130,092856,4131,70
OTP,0,20140130,092856,4130,38
OTP,0,20140130,092903,4130,110
OTP,0,20140130,092905,4131,500
OTP,0,20140130,092908,4131,25
OTP,0,20140130,092908,4131,5
OTP,0,20140130,092912,4135,10
OTP,0,20140130,092923,4135,30
OTP,0,20140130,092943,4135,700
OTP,0,20140130,092944,4132,12
OTP,0,20140130,093003,4133,12
OTP,0,20140130,093010,4139,1
OTP,0,20140130,093011,4133,100
OTP,0,20140130,093042,4138,1000
OTP,0,20140130,093042,4139,1132
OTP,0,20140130,093042,4140,868
OTP,0,20140130,093048,4140,1500
OTP,0,20140130,093049,4135,200
OTP,0,20140130,093050,4140,1000
OTP,0,20140130,093056,4140,1000
OTP,0,20140130,093059,4140,500
OTP,0,20140130,093103,4140,500
OTP,0,20140130,093112,4134,300
OTP,0,20140130,093112,4133,474
OTP,0,20140130,093112,4132,901
OTP,0,20140130,093112,4131,325
OTP,0,20140130,093138,4131,335
OTP,0,20140130,093138,4130,1366
OTP,0,20140130,093146,4130,120
OTP,0,20140130,093158,4128,50
OTP,0,20140130,093158,4126,5
OTP,0,20140130,093158,4126,33
OTP,0,20140130,093202,4130,500
OTP,0,20140130,093207,4130,1500
OTP,0,20140130,093207,4130,200
OTP,0,20140130,093219,4130,1000
OTP,0,20140130,093224,4130,319
OTP,0,20140130,093242,4130,181
OTP,0,20140130,093246,4130,1000
OTP,0,20140130,093247,4127,200
OTP,0,20140130,093254,4130,100
OTP,0,20140130,093256,4130,1000
OTP,0,20140130,093256,4126,562
OTP,0,20140130,093258,4130,249
OTP,0,20140130,093301,4130,251
OTP,0,20140130,093307,4126,400
OTP,0,20140130,093308,4131,200
OTP,0,20140130,093311,4131,210
OTP,0,20140130,093311,4132,290
OTP,0,20140130,093322,4130,100
OTP,0,20140130,093324,4130,450
OTP,0,20140130,093325,4130,220
OTP,0,20140130,093327,4130,55
OTP,0,20140130,093328,4130,1000
OTP,0,20140130,093333,4132,220
OTP,0,20140130,093333,4130,500
OTP,0,20140130,093341,4131,500
OTP,0,20140130,093341,4130,1000
OTP,0,20140130,093346,4131,245
OTP,0,20140130,093356,4131,200
OTP,0,20140130,093357,4131,500
OTP,0,20140130,093414,4133,750
OTP,0,20140130,093414,4134,250
OTP,0,20140130,093416,4134,410
OTP,0,20140130,093416,4135,1590
OTP,0,20140130,093446,4135,50
OTP,0,20140130,093453,4135,71
OTP,0,20140130,093453,4136,79
OTP,0,20140130,093456,4136,60
OTP,0,20140130,093500,4136,250
OTP,0,20140130,093508,4136,221
OTP,0,20140130,093522,4139,460
OTP,0,20140130,093522,4140,2540
OTP,0,20140130,093526,4140,50
OTP,0,20140130,093528,4140,700
OTP,0,20140130,093539,4140,100
OTP,0,20140130,093544,4140,2150
OTP,0,20140130,093609,4147,200
OTP,0,20140130,093609,4148,440
OTP,0,20140130,093609,4149,60
OTP,0,20140130,093609,4149,222
OTP,0,20140130,093633,4149,100
OTP,0,20140130,093647,4147,116
OTP,0,20140130,093647,4149,100
OTP,0,20140130,093659,4149,400
OTP,0,20140130,093714,4148,221
OTP,0,20140130,093714,4149,52
OTP,0,20140130,093741,4147,50
OTP,0,20140130,093806,4148,45
OTP,0,20140130,093806,4149,255
OTP,0,20140130,093810,4149,600
OTP,0,20140130,093817,4149,100
OTP,0,20140130,093827,4149,250
OTP,0,20140130,093832,4149,240
OTP,0,20140130,093834,4149,24
OTP,0,20140130,093842,4149,410
OTP,0,20140130,093846,4150,734
OTP,0,20140130,093847,4150,1000
OTP,0,20140130,093930,4148,615
OTP,0,20140130,093930,4144,200
OTP,0,20140130,093937,4147,850
OTP,0,20140130,093940,4148,62
OTP,0,20140130,093944,4149,100
OTP,0,20140130,093948,4150,372
OTP,0,20140130,093948,4150,500
OTP,0,20140130,094001,4150,1868
OTP,0,20140130,094006,4150,15
OTP,0,20140130,094010,4148,100
OTP,0,20140130,094010,4148,100
OTP,0,20140130,094020,4150,501
OTP,0,20140130,094054,4146,33
OTP,0,20140130,094054,4143,836
OTP,0,20140130,094054,4142,131
OTP,0,20140130,094055,4142,466
OTP,0,20140130,094100,4148,460
OTP,0,20140130,094100,4149,740
OTP,0,20140130,094103,4148,326
OTP,0,20140130,094103,4149,674
OTP,0,20140130,094106,4149,55
OTP,0,20140130,094112,4141,288
OTP,0,20140130,094129,4149,200
OTP,0,20140130,094139,4149,140
OTP,0,20140130,094200,4149,100
OTP,0,20140130,094217,4149,26
OTP,0,20140130,094224,4149,274
OTP,0,20140130,094224,4150,1726
OTP,0,20140130,094226,4150,3004
OTP,0,20140130,094226,4150,410
OTP,0,20140130,094241,4150,50
OTP,0,20140130,094243,4151,319
OTP,0,20140130,094315,4151,31
OTP,0,20140130,094318,4151,29
OTP,0,20140130,094318,4150,1036
OTP,0,20140130,094322,4150,229
OTP,0,20140130,094332,4150,155
OTP,0,20140130,094333,4148,525
OTP,0,20140130,094336,4148,50
OTP,0,20140130,094341,4147,432
OTP,0,20140130,094341,4145,2500
OTP,0,20140130,094342,4147,260
OTP,0,20140130,094342,4141,1412
OTP,0,20140130,094348,4140,2976
OTP,0,20140130,094354,4140,2000
OTP,0,20140130,094354,4140,1757
OTP,0,20140130,094435,4146,2316
OTP,0,20140130,094435,4150,574
OTP,0,20140130,094505,4149,100
OTP,0,20140130,094505,4150,622
OTP,0,20140130,094556,4149,100
OTP,0,20140130,094556,4150,200
OTP,0,20140130,094608,4150,600
OTP,0,20140130,094617,4150,2000
OTP,0,20140130,094651,4150,2488
OTP,0,20140130,094736,4150,291
OTP,0,20140130,094803,4149,100
OTP,0,20140130,094805,4150,220
OTP,0,20140130,094805,4149,71
OTP,0,20140130,094806,4145,100
OTP,0,20140130,094850,4149,1000
OTP,0,20140130,094850,4150,1989
OTP,0,20140130,094856,4150,1311
OTP,0,20140130,094904,4142,25
OTP,0,20140130,094904,4141,45
OTP,0,20140130,094904,4141,298
OTP,0,20140130,094920,4149,95
OTP,0,20140130,094929,4149,50
OTP,0,20140130,094934,4149,715
OTP,0,20140130,094934,4150,3015
OTP,0,20140130,094951,4150,700
OTP,0,20140130,094955,4150,30
OTP,0,20140130,095002,4144,62
OTP,0,20140130,095033,4144,50
OTP,0,20140130,095038,4150,674
OTP,0,20140130,095043,4151,710
OTP,0,20140130,095043,4153,450
OTP,0,20140130,095043,4154,200
OTP,0,20140130,095043,4155,1430
OTP,0,20140130,095043,4158,50
OTP,0,20140130,095043,4159,160
OTP,0,20140130,095043,4159,120
OTP,0,20140130,095057,4158,550
OTP,0,20140130,095104,4150,2614
OTP,0,20140130,095214,4155,360
OTP,0,20140130,095244,4155,100
OTP,0,20140130,095257,4155,2500
OTP,0,20140130,095319,4155,410
OTP,0,20140130,095321,4156,430
OTP,0,20140130,095321,4157,440
OTP,0,20140130,095321,4159,1930
OTP,0,20140130,095321,4160,6961
OTP,0,20140130,095321,4161,25
OTP,0,20140130,095322,4160,239
OTP,0,20140130,095322,4155,1590
OTP,0,20140130,095348,4161,25
OTP,0,20140130,095354,4160,830
OTP,0,20140130,095356,4160,56
OTP,0,20140130,095356,4161,254
OTP,0,20140130,095437,4160,500
OTP,0,20140130,095441,4160,600
OTP,0,20140130,095502,4160,50
OTP,0,20140130,095604,4160,50
OTP,0,20140130,095621,4160,500
OTP,0,20140130,095624,4160,535
OTP,0,20140130,095631,4160,80
OTP,0,20140130,095714,4160,500
OTP,0,20140130,095715,4160,248
OTP,0,20140130,095833,4161,256
OTP,0,20140130,095901,4162,186
OTP,0,20140130,095908,4163,1193
OTP,0,20140130,095908,4164,600
OTP,0,20140130,095908,4165,312
OTP,0,20140130,095911,4165,313
OTP,0,20140130,095923,4166,490
OTP,0,20140130,095926,4165,304
OTP,0,20140130,095935,4168,390
OTP,0,20140130,095935,4170,755
OTP,0,20140130,095935,4170,55
OTP,0,20140130,095957,4169,240
OTP,0,20140130,100002,4169,3
OTP,0,20140130,100049,4166,60
OTP,0,20140130,100101,4165,40
OTP,0,20140130,100108,4169,170
OTP,0,20140130,100114,4165,1065
OTP,0,20140130,100116,4168,300
OTP,0,20140130,100144,4168,22
OTP,0,20140130,100150,4168,450
OTP,0,20140130,100209,4168,111
OTP,0,20140130,100234,4165,500
OTP,0,20140130,100304,4165,327
OTP,0,20140130,100344,4162,15
OTP,0,20140130,100405,4164,40
OTP,0,20140130,100444,4162,299
OTP,0,20140130,100444,4161,201
OTP,0,20140130,100529,4161,577
OTP,0,20140130,100529,4160,4423
OTP,0,20140130,100534,4161,30
OTP,0,20140130,100534,4164,220
OTP,0,20140130,100548,4161,285
OTP,0,20140130,100548,4162,15
OTP,0,20140130,100610,4160,15
OTP,0,20140130,100627,4160,340
OTP,0,20140130,100633,4160,1000
OTP,0,20140130,100640,4160,645
OTP,0,20140130,100641,4160,355
OTP,0,20140130,100650,4160,29
OTP,0,20140130,100707,4159,50
OTP,0,20140130,100719,4159,450
OTP,0,20140130,100719,4160,260
OTP,0,20140130,100719,4157,200
OTP,0,20140130,100719,4160,1000
OTP,0,20140130,100720,4156,200
OTP,0,20140130,100720,4155,200
OTP,0,20140130,100745,4160,30
OTP,0,20140130,100810,4156,40
OTP,0,20140130,100832,4156,30
OTP,0,20140130,100834,4156,15
OTP,0,20140130,100845,4156,100
OTP,0,20140130,100847,4152,300
OTP,0,20140130,100849,4156,370
OTP,0,20140130,100849,4160,517
OTP,0,20140130,100855,4160,613
OTP,0,20140130,100904,4160,100
OTP,0,20140130,100947,4160,1000
OTP,0,20140130,100952,4160,165
OTP,0,20140130,101003,4160,50
OTP,0,20140130,101004,4160,23
OTP,0,20140130,101009,4158,110
OTP,0,20140130,101013,4160,39
OTP,0,20140130,101021,4160,181
OTP,0,20140130,101033,4160,200
OTP,0,20140130,101114,4159,520
OTP,0,20140130,101124,4159,130
OTP,0,20140130,101205,4159,82
OTP,0,20140130,101224,4159,400
OTP,0,20140130,101240,4159,155
OTP,0,20140130,101246,4160,99
OTP,0,20140130,101254,4159,500
OTP,0,20140130,101303,4160,95
OTP,0,20140130,101313,4159,74
OTP,0,20140130,101429,4159,48
OTP,0,20140130,101452,4159,500
OTP,0,20140130,101527,4159,54
OTP,0,20140130,101532,4159,834
OTP,0,20140130,101532,4160,166
OTP,0,20140130,101532,4160,30
OTP,0,20140130,101544,4156,400
OTP,0,20140130,101544,4160,150
OTP,0,20140130,101551,4160,550
OTP,0,20140130,101555,4160,150
OTP,0,20140130,101639,4156,125
OTP,0,20140130,101639,4155,548
OTP,0,20140130,101702,4160,200
OTP,0,20140130,101715,4159,90
OTP,0,20140130,101715,4155,910
OTP,0,20140130,101723,4160,50
OTP,0,20140130,101733,4156,500
OTP,0,20140130,101733,4155,500
OTP,0,20140130,101734,4155,4176
OTP,0,20140130,101758,4160,480
OTP,0,20140130,101907,4157,2000
OTP,0,20140130,101933,4159,400
OTP,0,20140130,101933,4160,600
OTP,0,20140130,101957,4159,250
OTP,0,20140130,102004,4157,1000
OTP,0,20140130,102004,4157,370
OTP,0,20140130,102004,4157,527
OTP,0,20140130,102136,4157,155
OTP,0,20140130,102216,4157,250
OTP,0,20140130,102236,4157,50
OTP,0,20140130,102319,4156,500
OTP,0,20140130,102319,4155,85
OTP,0,20140130,102411,4155,909
OTP,0,20140130,102429,4155,50
OTP,0,20140130,102503,4159,465
OTP,0,20140130,102558,4159,500
OTP,0,20140130,102600,4159,299
OTP,0,20140130,102657,4159,100
OTP,0,20140130,102714,4159,23
OTP,0,20140130,102714,4160,37
OTP,0,20140130,102714,4160,1000
OTP,0,20140130,102740,4160,25
OTP,0,20140130,102748,4160,400
OTP,0,20140130,102758,4160,1000
OTP,0,20140130,102800,4160,1000
OTP,0,20140130,102804,4160,200
OTP,0,20140130,102814,4160,353
OTP,0,20140130,102932,4157,353
OTP,0,20140130,102955,4162,90
OTP,0,20140130,103040,4162,100
OTP,0,20140130,103143,4162,300
OTP,0,20140130,103156,4162,990
OTP,0,20140130,103223,4163,30
OTP,0,20140130,103248,4160,853
OTP,0,20140130,103359,4160,200
OTP,0,20140130,103401,4163,273
OTP,0,20140130,103412,4162,50
OTP,0,20140130,103437,4162,410
OTP,0,20140130,103437,4162,280
OTP,0,20140130,103509,4161,1000
OTP,0,20140130,103525,4162,400
OTP,0,20140130,103544,4162,282
OTP,0,20140130,103637,4162,100
OTP,0,20140130,103712,4162,400
OTP,0,20140130,103736,4160,11
OTP,0,20140130,103737,4160,100
OTP,0,20140130,103811,4160,1345
OTP,0,20140130,103812,4160,70
OTP,0,20140130,103836,4158,700
OTP,0,20140130,103856,4158,200
OTP,0,20140130,103953,4157,100
OTP,0,20140130,103957,4158,32
OTP,0,20140130,104014,4155,900
OTP,0,20140130,104106,4158,42
OTP,0,20140130,104107,4155,65
OTP,0,20140130,104151,4156,20
OTP,0,20140130,104151,4155,67
OTP,0,20140130,104151,4155,802
OTP,0,20140130,104152,4155,40
OTP,0,20140130,104228,4156,20
OTP,0,20140130,104240,4158,1000
OTP,0,20140130,104306,4157,985
OTP,0,20140130,104306,4158,1015
OTP,0,20140130,104314,4157,633
OTP,0,20140130,104314,4158,82
OTP,0,20140130,104353,4158,444
OTP,0,20140130,104353,4159,56
OTP,0,20140130,104356,4156,20
OTP,0,20140130,104740,4154,144
OTP,0,20140130,104752,4156,235
OTP,0,20140130,104824,4159,12
OTP,0,20140130,104857,4155,677
OTP,0,20140130,104858,4155,643
OTP,0,20140130,104858,4155,80
OTP,0,20140130,104919,4157,120
OTP,0,20140130,104941,4157,30
OTP,0,20140130,105004,4159,1000
OTP,0,20140130,105013,4159,16
OTP,0,20140130,105013,4160,99
OTP,0,20140130,105047,4160,575
OTP,0,20140130,105052,4160,200
OTP,0,20140130,105121,4154,96
OTP,0,20140130,105122,4160,490
OTP,0,20140130,105158,4160,681
OTP,0,20140130,105253,4159,7
OTP,0,20140130,105332,4159,240
OTP,0,20140130,105429,4156,435
OTP,0,20140130,105429,4155,1773
OTP,0,20140130,105429,4152,700
OTP,0,20140130,105429,4151,1871
OTP,0,20140130,105429,4150,2721
OTP,0,20140130,105430,4156,32
OTP,0,20140130,105430,4150,5975
OTP,0,20140130,105431,4150,666
OTP,0,20140130,105434,4145,650
OTP,0,20140130,105434,4144,100
OTP,0,20140130,105434,4142,33
OTP,0,20140130,105434,4141,112
OTP,0,20140130,105439,4145,31
OTP,0,20140130,105440,4140,1455
OTP,0,20140130,105444,4145,1005
OTP,0,20140130,105448,4146,380
OTP,0,20140130,105546,4147,600
OTP,0,20140130,105617,4147,25
OTP,0,20140130,105730,4145,385
OTP,0,20140130,105730,4147,115
OTP,0,20140130,105733,4141,311
OTP,0,20140130,105733,4140,1689
OTP,0,20140130,105741,4145,355
OTP,0,20140130,105741,4146,5
OTP,0,20140130,105755,4140,100
OTP,0,20140130,105851,4146,505
OTP,0,20140130,105851,4147,421
OTP,0,20140130,105851,4148,74
OTP,0,20140130,105922,4147,250
OTP,0,20140130,105957,4147,169
OTP,0,20140130,105957,4148,231
OTP,0,20140130,110025,4148,35
OTP,0,20140130,110025,4150,204
OTP,0,20140130,110025,4140,100
OTP,0,20140130,110054,4150,1832
OTP,0,20140130,110057,4150,1168
OTP,0,20140130,110209,4150,1245
OTP,0,20140130,110209,4151,255
OTP,0,20140130,110344,4150,37
OTP,0,20140130,110350,4149,100
OTP,0,20140130,110356,4149,60
OTP,0,20140130,110543,4146,4
OTP,0,20140130,110611,4144,265
OTP,0,20140130,110618,4141,181
OTP,0,20140130,110630,4141,1286
OTP,0,20140130,110630,4140,3714
OTP,0,20140130,110631,4140,1201
OTP,0,20140130,110631,4140,1780
OTP,0,20140130,110631,4140,425
OTP,0,20140130,110633,4140,929
OTP,0,20140130,110633,4139,191
OTP,0,20140130,110634,4136,914
OTP,0,20140130,110811,4139,360
OTP,0,20140130,110843,4137,30
OTP,0,20140130,110844,4136,355
OTP,0,20140130,110916,4139,1000
OTP,0,20140130,110916,4139,30
OTP,0,20140130,110917,4139,709
OTP,0,20140130,110918,4139,261
OTP,0,20140130,110918,4136,31
OTP,0,20140130,110918,4135,708
OTP,0,20140130,110918,4135,100
OTP,0,20140130,110918,4139,366
OTP,0,20140130,110919,4139,621
OTP,0,20140130,110919,4139,420
OTP,0,20140130,110920,4139,720
OTP,0,20140130,110925,4139,428
OTP,0,20140130,110925,4139,72
OTP,0,20140130,110928,4140,1000
OTP,0,20140130,110928,4140,928
OTP,0,20140130,110930,4135,809
OTP,0,20140130,110934,4140,40
OTP,0,20140130,110952,4139,250
OTP,0,20140130,111002,4139,250
OTP,0,20140130,111002,4140,2893
OTP,0,20140130,111003,4140,515
OTP,0,20140130,111003,4140,384
OTP,0,20140130,111003,4140,958
OTP,0,20140130,111003,4135,186
OTP,0,20140130,111004,4135,7075
OTP,0,20140130,111005,4135,1277
OTP,0,20140130,111005,4133,406
OTP,0,20140130,111015,4132,2337
OTP,0,20140130,111016,4132,486
OTP,0,20140130,111031,4138,100
OTP,0,20140130,111039,4138,100
OTP,0,20140130,111101,4135,500
OTP,0,20140130,111102,4132,425
OTP,0,20140130,111113,4135,859
OTP,0,20140130,111113,4135,141
OTP,0,20140130,111121,4135,1000
OTP,0,20140130,111131,4135,1155
OTP,0,20140130,111131,4135,499
OTP,0,20140130,111141,4137,20
OTP,0,20140130,111141,4138,2
OTP,0,20140130,111143,4137,20
OTP,0,20140130,111143,4135,1346
OTP,0,20140130,111150,4132,2000
OTP,0,20140130,111150,4132,145
OTP,0,20140130,111151,4131,550
OTP,0,20140130,111151,4135,200
OTP,0,20140130,111213,4133,50
OTP,0,20140130,111213,4131,430
OTP,0,20140130,111259,4135,100
OTP,0,20140130,111303,4134,200
OTP,0,20140130,111303,4135,280
OTP,0,20140130,111343,4133,7
OTP,0,20140130,111429,4135,99
OTP,0,20140130,111446,4135,200
OTP,0,20140130,111452,4136,1500
OTP,0,20140130,111453,4132,436
OTP,0,20140130,111457,4135,150
OTP,0,20140130,111513,4135,550
OTP,0,20140130,111513,4136,450
OTP,0,20140130,111530,4138,85
OTP,0,20140130,111552,4138,319
OTP,0,20140130,111605,4138,31
OTP,0,20140130,111635,4138,120
OTP,0,20140130,111656,4138,272
OTP,0,20140130,111656,4139,1000
OTP,0,20140130,111656,4141,228
OTP,0,20140130,111713,4141,100
OTP,0,20140130,111747,4141,200
OTP,0,20140130,111750,4141,18
OTP,0,20140130,111750,4141,200
OTP,0,20140130,111754,4141,134
OTP,0,20140130,111754,4143,632
OTP,0,20140130,111844,4138,794
OTP,0,20140130,111912,4147,411
OTP,0,20140130,111912,4149,309
OTP,0,20140130,111922,4141,10
OTP,0,20140130,112032,4149,265
OTP,0,20140130,112032,4150,4000
OTP,0,20140130,112032,4153,50
OTP,0,20140130,112032,4150,311
OTP,0,20140130,112032,4150,424
OTP,0,20140130,112106,4141,1418
OTP,0,20140130,112122,4150,603
OTP,0,20140130,112122,4154,500
OTP,0,20140130,112122,4155,580
OTP,0,20140130,112122,4157,300
OTP,0,20140130,112122,4158,2000
OTP,0,20140130,112122,4160,487
OTP,0,20140130,112124,4141,1381
OTP,0,20140130,112158,4150,25
OTP,0,20140130,112237,4143,392
OTP,0,20140130,112239,4150,357
OTP,0,20140130,112243,4152,331
OTP,0,20140130,112247,4156,50
OTP,0,20140130,112251,4157,200
OTP,0,20140130,112412,4157,100
OTP,0,20140130,112504,4157,593
OTP,0,20140130,112553,4153,1448
OTP,0,20140130,112554,4150,411
OTP,0,20140130,112621,4157,9
OTP,0,20140130,112643,4155,150
OTP,0,20140130,112659,4155,1100
OTP,0,20140130,112700,4150,444
OTP,0,20140130,112724,4155,720
OTP,0,20140130,112758,4154,10
OTP,0,20140130,112826,4150,500
OTP,0,20140130,112838,4151,430
OTP,0,20140130,112844,4150,11
OTP,0,20140130,112848,4150,657
OTP,0,20140130,112853,4150,500
OTP,0,20140130,112923,4147,415
OTP,0,20140130,112925,4150,475
OTP,0,20140130,112929,4151,70
OTP,0,20140130,112929,4154,490
OTP,0,20140130,112929,4155,530
OTP,0,20140130,112929,4157,410
OTP,0,20140130,112930,4150,25
OTP,0,20140130,112941,4150,100
OTP,0,20140130,112953,4147,7
OTP,0,20140130,113030,4147,300
OTP,0,20140130,113030,4146,1236
OTP,0,20140130,113058,4142,696
OTP,0,20140130,113151,4147,50
OTP,0,20140130,113151,4143,200
OTP,0,20140130,113152,4142,700
OTP,0,20140130,113206,4143,200
OTP,0,20140130,113239,4143,50
OTP,0,20140130,113324,4141,1000
OTP,0,20140130,113349,4141,514
OTP,0,20140130,113410,4141,188
OTP,0,20140130,113434,4143,20
OTP,0,20140130,113434,4144,70
OTP,0,20140130,113455,4144,1050
OTP,0,20140130,113459,4144,550
OTP,0,20140130,113511,4144,1104
OTP,0,20140130,113511,4145,396
OTP,0,20140130,113519,4143,1219
OTP,0,20140130,113530,4144,520
OTP,0,20140130,113547,4144,460
OTP,0,20140130,113604,4144,10
OTP,0,20140130,113607,4142,2000
OTP,0,20140130,113607,4144,250
OTP,0,20140130,113607,4145,1654
OTP,0,20140130,113629,4146,400
OTP,0,20140130,113630,4145,281
OTP,0,20140130,113647,4146,12
OTP,0,20140130,113647,4145,300
OTP,0,20140130,113725,4145,15
OTP,0,20140130,113725,4145,125
OTP,0,20140130,113726,4145,1446
OTP,0,20140130,113741,4146,88
OTP,0,20140130,113741,4147,462
OTP,0,20140130,113956,4142,53
OTP,0,20140130,114017,4143,200
OTP,0,20140130,114023,4142,466
OTP,0,20140130,114023,4141,34
OTP,0,20140130,114045,4143,1838
OTP,0,20140130,114045,4144,92
OTP,0,20140130,114117,4144,10
OTP,0,20140130,114126,4144,1000
OTP,0,20140130,114143,4143,240
OTP,0,20140130,114144,4141,1023
OTP,0,20140130,114206,4143,460
OTP,0,20140130,114206,4144,540
OTP,0,20140130,114236,4145,2500
OTP,0,20140130,114242,4145,920
OTP,0,20140130,114250,4145,50
OTP,0,20140130,114302,4143,17
OTP,0,20140130,114312,4145,163
OTP,0,20140130,114343,4151,1809
OTP,0,20140130,114343,4150,2500
OTP,0,20140130,114343,4145,723
OTP,0,20140130,114343,4143,618
OTP,0,20140130,114343,4142,300
OTP,0,20140130,114343,4141,580
OTP,0,20140130,114343,4140,421
OTP,0,20140130,114343,4140,19
OTP,0,20140130,114343,4140,1309
OTP,0,20140130,114348,4139,342
OTP,0,20140130,114352,4138,200
OTP,0,20140130,114353,4140,4300
OTP,0,20140130,114408,4140,200
OTP,0,20140130,114408,4136,50
OTP,0,20140130,114410,4136,1477
OTP,0,20140130,114427,4135,17
OTP,0,20140130,114455,4140,1000
OTP,0,20140130,114517,4139,158
OTP,0,20140130,114517,4140,342
OTP,0,20140130,114518,4140,100
OTP,0,20140130,114524,4140,1750
OTP,0,20140130,114602,4136,641
OTP,0,20140130,114606,4140,100
OTP,0,20140130,114617,4137,1000
OTP,0,20140130,114646,4135,908
OTP,0,20140130,114646,4131,1120
OTP,0,20140130,114656,4135,50
OTP,0,20140130,114656,4130,2000
OTP,0,20140130,114656,4130,60
OTP,0,20140130,114702,4135,225
OTP,0,20140130,114740,4135,299
OTP,0,20140130,114742,4131,1357
OTP,0,20140130,114743,4130,8054
OTP,0,20140130,114746,4130,3000
OTP,0,20140130,114747,4135,2500
OTP,0,20140130,114752,4130,152
OTP,0,20140130,114914,4135,1500
OTP,0,20140130,114926,4135,88
OTP,0,20140130,115056,4138,200
OTP,0,20140130,115056,4139,525
OTP,0,20140130,115057,4139,396
OTP,0,20140130,115057,4140,24604
OTP,0,20140130,115100,4140,1817
OTP,0,20140130,115105,4140,700
OTP,0,20140130,115105,4140,200
OTP,0,20140130,115107,4140,10
OTP,0,20140130,115109,4140,10
OTP,0,20140130,115114,4140,10
OTP,0,20140130,115118,4140,4000
OTP,0,20140130,115120,4140,800
OTP,0,20140130,115122,4140,1778
OTP,0,20140130,115125,4142,631
OTP,0,20140130,115408,4150,250
OTP,0,20140130,115505,4150,100
OTP,0,20140130,115629,4150,1000
OTP,0,20140130,115706,4150,300
OTP,0,20140130,115722,4150,10
OTP,0,20140130,115730,4150,398
OTP,0,20140130,115741,4151,189
OTP,0,20140130,115807,4154,22
OTP,0,20140130,115820,4151,200
OTP,0,20140130,115831,4151,178
OTP,0,20140130,115854,4151,187
OTP,0,20140130,115858,4155,62
OTP,0,20140130,115912,4155,70
OTP,0,20140130,120046,4155,303
OTP,0,20140130,120149,4155,432
OTP,0,20140130,120240,4157,345
OTP,0,20140130,120240,4158,655
OTP,0,20140130,120342,4158,66
OTP,0,20140130,120404,4158,79
OTP,0,20140130,120404,4160,805
OTP,0,20140130,120427,4161,120
OTP,0,20140130,120432,4161,80
OTP,0,20140130,120602,4161,800
OTP,0,20140130,120649,4162,60
OTP,0,20140130,120725,4162,146
OTP,0,20140130,120735,4164,582
OTP,0,20140130,120735,4165,418
OTP,0,20140130,120751,4165,82
OTP,0,20140130,120804,4165,50
OTP,0,20140130,120842,4163,536
OTP,0,20140130,120842,4162,764
OTP,0,20140130,120848,4167,12
OTP,0,20140130,120930,4165,1836
OTP,0,20140130,120935,4163,236
OTP,0,20140130,120935,4162,731
OTP,0,20140130,120935,4160,116
OTP,0,20140130,120935,4158,867
OTP,0,20140130,120950,4165,897
OTP,0,20140130,121025,4160,100
OTP,0,20140130,121154,4160,150
OTP,0,20140130,121209,4160,450
OTP,0,20140130,121252,4165,260
OTP,0,20140130,121339,4165,300
OTP,0,20140130,121536,4165,10
OTP,0,20140130,121538,4160,268
OTP,0,20140130,121631,4165,30
OTP,0,20140130,121656,4165,150
OTP,0,20140130,121656,4166,100
OTP,0,20140130,121656,4167,102
OTP,0,20140130,121752,4166,10
OTP,0,20140130,121903,4167,264
OTP,0,20140130,121903,4168,236
OTP,0,20140130,121927,4168,126
OTP,0,20140130,122012,4168,100
OTP,0,20140130,122039,4164,41
OTP,0,20140130,122108,4166,4800
OTP,0,20140130,122115,4168,38
OTP,0,20140130,122115,4169,312
OTP,0,20140130,122123,4169,104
OTP,0,20140130,122123,4170,896
OTP,0,20140130,122131,4170,100
OTP,0,20140130,122147,4170,563
OTP,0,20140130,122325,4165,740
OTP,0,20140130,122330,4164,459
OTP,0,20140130,122335,4165,15
OTP,0,20140130,122343,4165,85
OTP,0,20140130,122356,4165,73
OTP,0,20140130,122356,4167,127
OTP,0,20140130,122436,4167,220
OTP,0,20140130,122445,4167,70
OTP,0,20140130,122556,4161,13
OTP,0,20140130,122603,4167,242
OTP,0,20140130,122639,4161,545
OTP,0,20140130,122639,4160,1172
OTP,0,20140130,122651,4158,75
OTP,0,20140130,122651,4157,625
OTP,0,20140130,122651,4156,640
OTP,0,20140130,122651,4155,5393
OTP,0,20140130,122651,4155,350
OTP,0,20140130,122701,4153,4447
OTP,0,20140130,122702,4153,553
OTP,0,20140130,122703,4153,1149
OTP,0,20140130,122703,4152,829
OTP,0,20140130,122703,4151,713
OTP,0,20140130,122703,4150,2689
OTP,0,20140130,122706,4150,500
OTP,0,20140130,122716,4150,9
OTP,0,20140130,122720,4150,135
OTP,0,20140130,122721,4149,1309
OTP,0,20140130,122820,4145,869
OTP,0,20140130,122844,4145,20
OTP,0,20140130,122847,4145,860
OTP,0,20140130,122917,4140,60
OTP,0,20140130,123014,4149,10
OTP,0,20140130,123037,4148,1000
OTP,0,20140130,123334,4147,1347
OTP,0,20140130,123334,4145,143
OTP,0,20140130,123356,4150,10
OTP,0,20140130,123429,4150,100
OTP,0,20140130,123524,4150,265
OTP,0,20140130,123605,4150,540
OTP,0,20140130,123635,4150,50
OTP,0,20140130,123730,4150,500
OTP,0,20140130,123730,4150,94
OTP,0,20140130,123757,4150,300
OTP,0,20140130,123809,4150,100
OTP,0,20140130,124035,4150,100
OTP,0,20140130,124040,4150,200
OTP,0,20140130,124051,4150,100
OTP,0,20140130,124111,4150,100
OTP,0,20140130,124208,4150,100
OTP,0,20140130,124348,4150,100
OTP,0,20140130,124412,4150,30
OTP,0,20140130,124414,4150,1500
OTP,0,20140130,124718,4154,613
OTP,0,20140130,124802,4150,465
OTP,0,20140130,124810,4150,30
OTP,0,20140130,124810,4150,50
OTP,0,20140130,124825,4146,475
OTP,0,20140130,124825,4145,25
OTP,0,20140130,124830,4146,337
OTP,0,20140130,124830,4145,132
OTP,0,20140130,124909,4145,614
OTP,0,20140130,124909,4148,569
OTP,0,20140130,124909,4149,17
OTP,0,20140130,125019,4149,973
OTP,0,20140130,125019,4150,277
OTP,0,20140130,125038,4150,233
OTP,0,20140130,125109,4150,153
OTP,0,20140130,125334,4149,10
OTP,0,20140130,125426,4149,550
OTP,0,20140130,125443,4149,350
OTP,0,20140130,125528,4149,75
OTP,0,20140130,125613,4149,4015
OTP,0,20140130,125613,4150,985
OTP,0,20140130,125655,4150,1210
OTP,0,20140130,125725,4150,530
OTP,0,20140130,125728,4150,4000
OTP,0,20140130,125805,4150,36
OTP,0,20140130,125805,4150,584
OTP,0,20140130,125825,4150,100
OTP,0,20140130,125916,4150,50
OTP,0,20140130,125921,4150,300
OTP,0,20140130,125939,4150,30
OTP,0,20140130,130048,4150,100
OTP,0,20140130,130058,4150,200
OTP,0,20140130,130113,4150,10667
OTP,0,20140130,130121,4151,304
OTP,0,20140130,130121,4153,609
OTP,0,20140130,130142,4154,387
OTP,0,20140130,130157,4155,304
OTP,0,20140130,130157,4155,299
OTP,0,20140130,130206,4155,77
OTP,0,20140130,130224,4155,328
OTP,0,20140130,130237,4153,200
OTP,0,20140130,130246,4155,1945
OTP,0,20140130,130246,4160,555
OTP,0,20140130,130447,4160,394
OTP,0,20140130,130529,4160,75
OTP,0,20140130,130634,4160,1000
OTP,0,20140130,130643,4160,81
OTP,0,20140130,130752,4160,384
OTP,0,20140130,130758,4160,200
OTP,0,20140130,130807,4160,679
OTP,0,20140130,130819,4160,100
OTP,0,20140130,130832,4160,500
OTP,0,20140130,130853,4160,200
OTP,0,20140130,130903,4155,372
OTP,0,20140130,130914,4155,128
OTP,0,20140130,130934,4160,3000
OTP,0,20140130,131002,4160,100
OTP,0,20140130,131144,4157,100
OTP,0,20140130,131144,4160,1000
OTP,0,20140130,131154,4160,15
OTP,0,20140130,131319,4165,284
OTP,0,20140130,131323,4166,200
OTP,0,20140130,131338,4160,200
OTP,0,20140130,131546,4165,10
OTP,0,20140130,131647,4165,190
OTP,0,20140130,131647,4168,342
OTP,0,20140130,131647,4169,134
OTP,0,20140130,131647,4170,2865
OTP,0,20140130,131647,4171,169
OTP,0,20140130,131805,4171,180
OTP,0,20140130,131815,4171,50
OTP,0,20140130,131919,4171,1
OTP,0,20140130,131919,4175,19
OTP,0,20140130,131939,4175,672
OTP,0,20140130,131945,4170,1606
OTP,0,20140130,132055,4170,25
OTP,0,20140130,132058,4170,869
OTP,0,20140130,132058,4175,131
OTP,0,20140130,132101,4175,120
OTP,0,20140130,132155,4175,730
OTP,0,20140130,132314,4175,70
OTP,0,20140130,132355,4175,200
OTP,0,20140130,132358,4175,200
OTP,0,20140130,132421,4175,150
OTP,0,20140130,132456,4175,100
OTP,0,20140130,132609,4170,1686
OTP,0,20140130,132620,4170,142
OTP,0,20140130,132655,4174,50
OTP,0,20140130,132655,4175,57
OTP,0,20140130,132822,4174,20
OTP,0,20140130,132952,4173,40
OTP,0,20140130,133018,4170,352
OTP,0,20140130,133135,4170,300
OTP,0,20140130,133139,4170,17
OTP,0,20140130,133209,4170,200
OTP,0,20140130,133219,4170,390
OTP,0,20140130,133219,4170,393
OTP,0,20140130,133228,4173,345
OTP,0,20140130,133240,4173,15
OTP,0,20140130,133250,4174,30
OTP,0,20140130,133352,4173,165
OTP,0,20140130,133426,4173,72
OTP,0,20140130,133438,4173,4
OTP,0,20140130,133438,4175,1
OTP,0,20140130,133446,4175,629
OTP,0,20140130,133520,4174,50
OTP,0,20140130,133520,4175,160
OTP,0,20140130,133525,4175,42
OTP,0,20140130,133628,4175,61
OTP,0,20140130,133628,4176,939
OTP,0,20140130,133849,4175,700
OTP,0,20140130,133851,4175,100
OTP,0,20140130,133940,4175,150
OTP,0,20140130,133940,4176,61
OTP,0,20140130,133940,4176,687
OTP,0,20140130,134028,4175,263
OTP,0,20140130,134052,4171,734
OTP,0,20140130,134052,4170,266
OTP,0,20140130,134438,4173,300
OTP,0,20140130,134645,4174,1000
OTP,0,20140130,134645,4175,950
OTP,0,20140130,134645,4175,950
OTP,0,20140130,134645,4175,300
OTP,0,20140130,134724,4178,50
OTP,0,20140130,134724,4178,385
OTP,0,20140130,134820,4178,773
OTP,0,20140130,134820,4180,10
OTP,0,20140130,134910,4180,177
OTP,0,20140130,134915,4180,134
OTP,0,20140130,135117,4180,900
OTP,0,20140130,135229,4180,50
OTP,0,20140130,135323,4180,60
OTP,0,20140130,135431,4180,100
OTP,0,20140130,135453,4180,1569
OTP,0,20140130,135454,4180,1131
OTP,0,20140130,135501,4183,313
OTP,0,20140130,135546,4180,15
OTP,0,20140130,135610,4180,20
OTP,0,20140130,135711,4180,40
OTP,0,20140130,135718,4176,200
OTP,0,20140130,135722,4180,223
OTP,0,20140130,135723,4184,700
OTP,0,20140130,135723,4185,596
OTP,0,20140130,135723,4187,704
OTP,0,20140130,135723,4187,200
OTP,0,20140130,135723,4180,1107
OTP,0,20140130,135858,4187,100
OTP,0,20140130,135858,4187,1000
OTP,0,20140130,135859,4187,1606
OTP,0,20140130,135859,4188,150
OTP,0,20140130,135859,4189,1016
OTP,0,20140130,135859,4190,228
OTP,0,20140130,135859,4190,62
OTP,0,20140130,135932,4190,575
OTP,0,20140130,140014,4185,25
OTP,0,20140130,140014,4181,92
OTP,0,20140130,140032,4190,2919
OTP,0,20140130,140033,4190,1084
OTP,0,20140130,140104,4194,446
OTP,0,20140130,140123,4195,155
OTP,0,20140130,140138,4196,61
OTP,0,20140130,140144,4197,30
OTP,0,20140130,140144,4198,400
OTP,0,20140130,140144,4198,66
OTP,0,20140130,140213,4197,40
OTP,0,20140130,140229,4195,10
OTP,0,20140130,140250,4197,500
OTP,0,20140130,140250,4198,584
OTP,0,20140130,140250,4199,2300
OTP,0,20140130,140250,4200,4035
OTP,0,20140130,140250,4201,200
OTP,0,20140130,140251,4200,814
OTP,0,20140130,140251,4200,10
OTP,0,20140130,140255,4200,1000
OTP,0,20140130,140320,4200,500
OTP,0,20140130,140320,4204,257
OTP,0,20140130,140404,4200,6932
OTP,0,20140130,140410,4200,100
OTP,0,20140130,140410,4199,113
OTP,0,20140130,140414,4196,500
OTP,0,20140130,140414,4196,106
OTP,0,20140130,140416,4195,835
OTP,0,20140130,140445,4195,1000
OTP,0,20140130,140500,4191,100
OTP,0,20140130,140522,4191,5
OTP,0,20140130,140522,4190,5862
OTP,0,20140130,140532,4185,55
OTP,0,20140130,140532,4181,45
OTP,0,20140130,140549,4190,480
OTP,0,20140130,140554,4190,100
OTP,0,20140130,140630,4190,1000
OTP,0,20140130,140634,4190,710
OTP,0,20140130,140638,4190,7
OTP,0,20140130,140649,4190,31
OTP,0,20140130,140655,4190,400
OTP,0,20140130,140716,4182,100
OTP,0,20140130,140802,4183,24
OTP,0,20140130,140815,4189,617
OTP,0,20140130,140828,4189,500
OTP,0,20140130,140844,4190,150
OTP,0,20140130,140857,4185,4
OTP,0,20140130,140924,4185,33
OTP,0,20140130,140927,4190,950
OTP,0,20140130,141018,4190,500
OTP,0,20140130,141034,4194,100
OTP,0,20140130,141037,4190,218
OTP,0,20140130,141139,4192,4
OTP,0,20140130,141139,4195,996
OTP,0,20140130,141149,4192,11
OTP,0,20140130,141345,4192,500
OTP,0,20140130,141512,4195,1850
OTP,0,20140130,141550,4192,484
OTP,0,20140130,141619,4190,1439
OTP,0,20140130,141619,4192,16
OTP,0,20140130,141619,4195,2154
OTP,0,20140130,141620,4195,1062
OTP,0,20140130,141620,4195,2098
OTP,0,20140130,141627,4195,3231
OTP,0,20140130,141634,4193,607
OTP,0,20140130,141634,4192,193
OTP,0,20140130,141639,4185,50
OTP,0,20140130,141957,4190,90
OTP,0,20140130,142044,4190,120
OTP,0,20140130,142207,4190,100
OTP,0,20140130,142418,4185,45
OTP,0,20140130,142518,4190,70
OTP,0,20140130,142659,4185,574
OTP,0,20140130,142845,4185,20
OTP,0,20140130,142855,4188,122
OTP,0,20140130,142856,4188,113
OTP,0,20140130,142856,4190,124
OTP,0,20140130,142858,4190,90
OTP,0,20140130,142919,4190,995
OTP,0,20140130,142923,4190,20
OTP,0,20140130,142950,4185,59
OTP,0,20140130,143004,4190,10
OTP,0,20140130,143047,4190,100
OTP,0,20140130,143104,4190,760
OTP,0,20140130,143207,4193,143
OTP,0,20140130,143324,4194,1747
OTP,0,20140130,143324,4195,1769
OTP,0,20140130,143325,4195,1023
OTP,0,20140130,143325,4195,1307
OTP,0,20140130,143331,4195,4489
OTP,0,20140130,143334,4194,320
OTP,0,20140130,143456,4195,1481
OTP,0,20140130,143526,4198,170
OTP,0,20140130,143526,4199,630
OTP,0,20140130,143526,4199,200
OTP,0,20140130,143526,4199,195
OTP,0,20140130,143526,4200,2805
OTP,0,20140130,143527,4195,376
OTP,0,20140130,143535,4200,200
OTP,0,20140130,143610,4200,1000
OTP,0,20140130,143620,4200,100
OTP,0,20140130,143625,4200,500
OTP,0,20140130,143628,4200,100
OTP,0,20140130,143631,4200,23
OTP,0,20140130,143646,4202,10
OTP,0,20140130,143646,4202,50
OTP,0,20140130,143654,4202,40
OTP,0,20140130,143722,4204,20
OTP,0,20140130,143722,4202,689
OTP,0,20140130,143724,4204,123
OTP,0,20140130,143728,4205,500
OTP,0,20140130,143802,4202,891
OTP,0,20140130,143802,4200,109
OTP,0,20140130,143803,4200,800
OTP,0,20140130,143817,4208,500
OTP,0,20140130,143847,4205,45
OTP,0,20140130,144058,4200,360
OTP,0,20140130,144227,4200,600
OTP,0,20140130,144341,4204,237
OTP,0,20140130,144352,4204,910
OTP,0,20140130,144352,4205,690
OTP,0,20140130,144407,4205,600
OTP,0,20140130,144447,4205,100
OTP,0,20140130,144454,4205,250
OTP,0,20140130,144524,4205,94
OTP,0,20140130,144540,4205,2775
OTP,0,20140130,144540,4205,225
OTP,0,20140130,144544,4205,1111
OTP,0,20140130,144545,4205,389
OTP,0,20140130,144545,4205,349
OTP,0,20140130,144550,4205,102
OTP,0,20140130,144602,4207,306
OTP,0,20140130,144606,4205,500
OTP,0,20140130,144715,4207,100
OTP,0,20140130,144752,4207,194
OTP,0,20140130,144752,4209,1174
OTP,0,20140130,144752,4210,1300
OTP,0,20140130,144818,4211,50
OTP,0,20140130,144838,4211,50
OTP,0,20140130,144838,4210,40
OTP,0,20140130,144852,4215,150
OTP,0,20140130,144906,4215,1721
OTP,0,20140130,144907,4215,279
OTP,0,20140130,144910,4215,100
OTP,0,20140130,144912,4215,303
OTP,0,20140130,144920,4216,100
OTP,0,20140130,144921,4218,118
OTP,0,20140130,144930,4219,100
OTP,0,20140130,144930,4220,1726
OTP,0,20140130,144931,4221,32
OTP,0,20140130,145010,4220,500
OTP,0,20140130,145036,4221,48
OTP,0,20140130,145036,4222,20
OTP,0,20140130,145049,4223,60
OTP,0,20140130,145049,4225,440
OTP,0,20140130,145050,4225,1895
OTP,0,20140130,145053,4225,502
OTP,0,20140130,145223,4228,300
OTP,0,20140130,145223,4228,33
OTP,0,20140130,145224,4228,300
OTP,0,20140130,145229,4228,873
OTP,0,20140130,145229,4229,2000
OTP,0,20140130,145229,4230,1632
OTP,0,20140130,145231,4230,20
OTP,0,20140130,145234,4230,416
OTP,0,20140130,145235,4230,84
OTP,0,20140130,145238,4230,278
OTP,0,20140130,145239,4230,362
OTP,0,20140130,145239,4230,172
OTP,0,20140130,145302,4228,500
OTP,0,20140130,145307,4232,10
OTP,0,20140130,145321,4232,372
OTP,0,20140130,145321,4235,122
OTP,0,20140130,145321,4237,517
OTP,0,20140130,145321,4238,62
OTP,0,20140130,145336,4232,30
OTP,0,20140130,145341,4230,1000
OTP,0,20140130,145341,4230,900
OTP,0,20140130,145416,4232,332
OTP,0,20140130,145418,4228,100
OTP,0,20140130,145430,4230,40
OTP,0,20140130,145434,4230,60
OTP,0,20140130,145438,4232,100
OTP,0,20140130,145504,4230,80
OTP,0,20140130,145507,4228,400
OTP,0,20140130,145507,4228,515
OTP,0,20140130,145509,4227,700
OTP,0,20140130,145509,4225,1610
OTP,0,20140130,145510,4224,638
OTP,0,20140130,145511,4227,250
OTP,0,20140130,145513,4221,700
OTP,0,20140130,145519,4221,700
OTP,0,20140130,145558,4221,500
OTP,0,20140130,145603,4221,100
OTP,0,20140130,145603,4220,1153
OTP,0,20140130,145605,4215,1482
OTP,0,20140130,145620,4219,450
OTP,0,20140130,145620,4220,353
OTP,0,20140130,145620,4215,22
OTP,0,20140130,145621,4215,10
OTP,0,20140130,145652,4216,1500
OTP,0,20140130,145654,4216,233
OTP,0,20140130,145659,4220,10
OTP,0,20140130,145730,4219,50
OTP,0,20140130,145733,4220,505
OTP,0,20140130,145748,4220,1474
OTP,0,20140130,145748,4221,50
OTP,0,20140130,145748,4224,379
OTP,0,20140130,145748,4225,959
OTP,0,20140130,145748,4228,100
OTP,0,20140130,145748,4229,1500
OTP,0,20140130,145748,4230,338
OTP,0,20140130,145758,4220,9
OTP,0,20140130,145957,4220,280
OTP,0,20140130,145958,4220,797
OTP,0,20140130,145958,4225,43
OTP,0,20140130,150008,4220,737
OTP,0,20140130,150035,4225,93
OTP,0,20140130,150035,4230,307
OTP,0,20140130,150101,4230,5000
OTP,0,20140130,150101,4230,342
OTP,0,20140130,150101,4231,658
OTP,0,20140130,150106,4230,1
OTP,0,20140130,150108,4230,100
OTP,0,20140130,150108,4230,1
OTP,0,20140130,150111,4230,1
OTP,0,20140130,150113,4230,1
OTP,0,20140130,150115,4230,1
OTP,0,20140130,150121,4230,2466
OTP,0,20140130,150124,4230,1998
OTP,0,20140130,150128,4230,999
OTP,0,20140130,150140,4230,400
OTP,0,20140130,150151,4230,99
OTP,0,20140130,150151,4230,362
OTP,0,20140130,150151,4230,4539
OTP,0,20140130,150201,4230,2323
OTP,0,20140130,150203,4230,2000
OTP,0,20140130,150211,4230,3626
OTP,0,20140130,150223,4230,1948
OTP,0,20140130,150230,4230,3506
OTP,0,20140130,150251,4232,6
OTP,0,20140130,150255,4235,295
OTP,0,20140130,150327,4236,500
OTP,0,20140130,150340,4236,500
OTP,0,20140130,150354,4238,50
OTP,0,20140130,150451,4239,213
OTP,0,20140130,150451,4240,2787
OTP,0,20140130,150451,4240,400
OTP,0,20140130,150500,4240,256
OTP,0,20140130,150509,4240,1000
OTP,0,20140130,150520,4240,500
OTP,0,20140130,150531,4242,20
OTP,0,20140130,150531,4243,80
OTP,0,20140130,150531,4244,200
OTP,0,20140130,150534,4244,100
OTP,0,20140130,150538,4244,1000
OTP,0,20140130,150556,4241,110
OTP,0,20140130,150557,4244,50
OTP,0,20140130,150600,4244,2077
OTP,0,20140130,150607,4243,500
OTP,0,20140130,150625,4244,256
OTP,0,20140130,150626,4241,2000
OTP,0,20140130,150734,4241,300
OTP,0,20140130,150801,4243,38
OTP,0,20140130,150910,4241,100
OTP,0,20140130,150924,4241,100
OTP,0,20140130,150940,4241,10
OTP,0,20140130,151000,4242,1000
OTP,0,20140130,151013,4241,46
OTP,0,20140130,151013,4240,454
OTP,0,20140130,151015,4243,462
OTP,0,20140130,151015,4244,638
OTP,0,20140130,151043,4243,99
OTP,0,20140130,151053,4240,500
OTP,0,20140130,151104,4240,338
OTP,0,20140130,151109,4242,400
OTP,0,20140130,151120,4242,470
OTP,0,20140130,151137,4238,279
OTP,0,20140130,151137,4237,221
OTP,0,20140130,151138,4237,456
OTP,0,20140130,151138,4236,44
OTP,0,20140130,151139,4235,500
OTP,0,20140130,151209,4232,280
OTP,0,20140130,151209,4231,319
OTP,0,20140130,151209,4230,401
OTP,0,20140130,151215,4230,1004
OTP,0,20140130,151219,4230,1000
OTP,0,20140130,151225,4230,595
OTP,0,20140130,151243,4225,10
OTP,0,20140130,151253,4221,329
OTP,0,20140130,151307,4225,46
OTP,0,20140130,151315,4220,2598
OTP,0,20140130,151321,4220,259
OTP,0,20140130,151327,4220,741
OTP,0,20140130,151335,4220,559
OTP,0,20140130,151335,4222,741
OTP,0,20140130,151341,4222,224
OTP,0,20140130,151348,4220,1000
OTP,0,20140130,151357,4220,25
OTP,0,20140130,151400,4220,475
OTP,0,20140130,151403,4223,250
OTP,0,20140130,151427,4222,230
OTP,0,20140130,151428,4220,28
OTP,0,20140130,151500,4220,100
OTP,0,20140130,151519,4220,491
OTP,0,20140130,151529,4225,40
OTP,0,20140130,151538,4220,300
OTP,0,20140130,151555,4222,1000
OTP,0,20140130,151617,4222,15
OTP,0,20140130,151703,4222,159
OTP,0,20140130,151809,4222,577
OTP,0,20140130,151809,4225,394
OTP,0,20140130,151809,4220,300
OTP,0,20140130,151809,4226,300
OTP,0,20140130,151812,4226,141
OTP,0,20140130,151951,4230,31
OTP,0,20140130,151955,4233,349
OTP,0,20140130,152033,4233,1164
OTP,0,20140130,152033,4234,337
OTP,0,20140130,152210,4233,800
OTP,0,20140130,152238,4229,10
OTP,0,20140130,152300,4229,400
OTP,0,20140130,152307,4229,100
OTP,0,20140130,152334,4230,20
OTP,0,20140130,152338,4229,1000
OTP,0,20140130,152353,4230,1200
OTP,0,20140130,152356,4229,1000
OTP,0,20140130,152418,4230,282
OTP,0,20140130,152424,4230,303
OTP,0,20140130,152437,4233,75
OTP,0,20140130,152520,4233,2
OTP,0,20140130,152634,4233,138
OTP,0,20140130,152634,4234,62
OTP,0,20140130,152643,4234,30
OTP,0,20140130,152719,4233,15
OTP,0,20140130,152723,4233,185
OTP,0,20140130,152727,4234,765
OTP,0,20140130,152736,4230,2073
OTP,0,20140130,152736,4230,327
OTP,0,20140130,152740,4229,282
OTP,0,20140130,152743,4227,609
OTP,0,20140130,152750,4230,25
OTP,0,20140130,152857,4225,200
OTP,0,20140130,152945,4226,20
OTP,0,20140130,152945,4228,80
OTP,0,20140130,152956,4221,100
OTP,0,20140130,153008,4228,1000
OTP,0,20140130,153033,4228,500
OTP,0,20140130,153044,4221,400
OTP,0,20140130,153044,4220,100
OTP,0,20140130,153209,4225,500
OTP,0,20140130,153211,4228,364
OTP,0,20140130,153211,4229,1350
OTP,0,20140130,153211,4230,286
OTP,0,20140130,153220,4230,100
OTP,0,20140130,153246,4230,1300
OTP,0,20140130,153348,4227,20
OTP,0,20140130,153358,4223,500
OTP,0,20140130,153438,4226,400
OTP,0,20140130,153438,4227,1831
OTP,0,20140130,153438,4229,576
OTP,0,20140130,153438,4230,15672
OTP,0,20140130,153453,4230,400
OTP,0,20140130,153453,4234,816
OTP,0,20140130,153453,4235,774
OTP,0,20140130,153527,4230,33
OTP,0,20140130,153555,4235,26
OTP,0,20140130,153555,4237,368
OTP,0,20140130,153555,4240,1417
OTP,0,20140130,153555,4232,1000
OTP,0,20140130,153555,4232,90
OTP,0,20140130,153608,4240,2843
OTP,0,20140130,153609,4241,30
OTP,0,20140130,153609,4242,1
OTP,0,20140130,153623,4240,2389
OTP,0,20140130,153723,4242,15
OTP,0,20140130,153751,4240,957
OTP,0,20140130,153807,4231,27
OTP,0,20140130,153858,4242,140
OTP,0,20140130,153858,4244,250
OTP,0,20140130,153858,4245,110
OTP,0,20140130,153900,4245,609
OTP,0,20140130,153908,4240,100
OTP,0,20140130,153936,4240,10
OTP,0,20140130,153940,4240,48
OTP,0,20140130,154006,4240,18
OTP,0,20140130,154120,4240,4585
OTP,0,20140130,154120,4240,321
OTP,0,20140130,154124,4239,50
OTP,0,20140130,154127,4238,590
OTP,0,20140130,154148,4238,10
OTP,0,20140130,154156,4231,6
OTP,0,20140130,154212,4226,10
OTP,0,20140130,154224,4235,50
OTP,0,20140130,154233,4232,500
OTP,0,20140130,154249,4235,50
OTP,0,20140130,154329,4230,300
OTP,0,20140130,154337,4230,20
OTP,0,20140130,154413,4230,50
OTP,0,20140130,154417,4230,40
OTP,0,20140130,154426,4230,1020
OTP,0,20140130,154448,4233,569
OTP,0,20140130,154455,4230,31
OTP,0,20140130,154457,4234,508
OTP,0,20140130,154618,4230,339
OTP,0,20140130,154711,4227,400
OTP,0,20140130,154732,4228,165
OTP,0,20140130,154844,4225,161
OTP,0,20140130,154902,4227,100
OTP,0,20140130,154902,4225,165
OTP,0,20140130,154904,4225,30
OTP,0,20140130,154905,4225,20
OTP,0,20140130,154909,4222,1300
OTP,0,20140130,154909,4225,685
OTP,0,20140130,154912,4221,911
OTP,0,20140130,154912,4220,100
OTP,0,20140130,154919,4220,200
OTP,0,20140130,155000,4220,150
OTP,0,20140130,155022,4220,298
OTP,0,20140130,155034,4220,500
OTP,0,20140130,155050,4220,2254
OTP,0,20140130,155129,4219,40
OTP,0,20140130,155134,4219,10
OTP,0,20140130,155144,4219,200
OTP,0,20140130,155147,4219,30
OTP,0,20140130,155147,4218,250
OTP,0,20140130,155147,4217,658
OTP,0,20140130,155224,4216,6
OTP,0,20140130,155224,4215,233
OTP,0,20140130,155235,4215,1000
OTP,0,20140130,155244,4215,100
OTP,0,20140130,155329,4217,100
OTP,0,20140130,155340,4215,100
OTP,0,20140130,155412,4217,50
OTP,0,20140130,155419,4215,150
OTP,0,20140130,155426,4217,2500
OTP,0,20140130,155552,4215,5
OTP,0,20140130,155722,4217,84
OTP,0,20140130,155741,4216,190
OTP,0,20140130,155816,4215,200
OTP,0,20140130,155820,4216,300
OTP,0,20140130,155822,4216,50
OTP,0,20140130,155827,4216,20
OTP,0,20140130,155851,4215,1250
OTP,0,20140130,160040,4215,1009
OTP,0,20140130,160117,4216,81
OTP,0,20140130,160133,4215,100
OTP,0,20140130,160151,4213,736
OTP,0,20140130,160212,4212,1500
OTP,0,20140130,160213,4212,500
OTP,0,20140130,160249,4211,1200
OTP,0,20140130,160249,4210,400
OTP,0,20140130,160249,4209,310
OTP,0,20140130,160249,4208,1090
OTP,0,20140130,160249,4208,74
OTP,0,20140130,160249,4206,200
OTP,0,20140130,160249,4205,606
OTP,0,20140130,160254,4205,1103
OTP,0,20140130,160257,4201,1397
OTP,0,20140130,160324,4201,500
OTP,0,20140130,160431,4209,5
OTP,0,20140130,160441,4202,100
OTP,0,20140130,160441,4209,200
OTP,0,20140130,160503,4209,1875
OTP,0,20140130,160507,4209,1080
OTP,0,20140130,160511,4203,400
OTP,0,20140130,160524,4205,235
OTP,0,20140130,160550,4205,125
OTP,0,20140130,160558,4205,275
OTP,0,20140130,160648,4207,118
OTP,0,20140130,160650,4207,10
OTP,0,20140130,160714,4205,400
OTP,0,20140130,160720,4207,437
OTP,0,20140130,160720,4209,1482
OTP,0,20140130,160720,4210,81
OTP,0,20140130,160727,4210,500
OTP,0,20140130,160745,4205,200
OTP,0,20140130,160813,4206,401
OTP,0,20140130,160813,4205,99
OTP,0,20140130,160825,4210,50
OTP,0,20140130,160906,4206,100
OTP,0,20140130,160906,4205,140
OTP,0,20140130,160939,4210,369
OTP,0,20140130,160940,4214,50
OTP,0,20140130,161250,4206,1000
OTP,0,20140130,161328,4208,50
OTP,0,20140130,161355,4206,20
OTP,0,20140130,161420,4208,170
OTP,0,20140130,161436,4206,30
OTP,0,20140130,161436,4205,1386
OTP,0,20140130,161459,4203,50
OTP,0,20140130,161519,4203,945
OTP,0,20140130,161607,4203,314
OTP,0,20140130,161617,4202,1
OTP,0,20140130,161617,4201,910
OTP,0,20140130,161617,4200,1460
OTP,0,20140130,161648,4199,10
OTP,0,20140130,161648,4199,104
OTP,0,20140130,161648,4195,296
OTP,0,20140130,161652,4195,1104
OTP,0,20140130,161652,4194,1000
OTP,0,20140130,161746,4195,83
OTP,0,20140130,161834,4195,480
OTP,0,20140130,161854,4195,40
OTP,0,20140130,161952,4189,103
OTP,0,20140130,161952,4188,30
OTP,0,20140130,161952,4187,956
OTP,0,20140130,161952,4187,250
OTP,0,20140130,162007,4186,30
OTP,0,20140130,162021,4186,2596
OTP,0,20140130,162038,4194,1500
OTP,0,20140130,162147,4187,9
OTP,0,20140130,162147,4190,6
OTP,0,20140130,162149,4186,20
OTP,0,20140130,162204,4186,496
OTP,0,20140130,162218,4186,600
OTP,0,20140130,162248,4190,50
OTP,0,20140130,162308,4190,44
OTP,0,20140130,162308,4194,56
OTP,0,20140130,162318,4185,40
OTP,0,20140130,162425,4196,7
OTP,0,20140130,162425,4196,380
OTP,0,20140130,162606,4196,25
OTP,0,20140130,162613,4196,39
OTP,0,20140130,162617,4196,769
OTP,0,20140130,162625,4199,1000
OTP,0,20140130,162626,4199,200
OTP,0,20140130,162627,4199,250
OTP,0,20140130,162633,4199,100
OTP,0,20140130,162633,4199,50
OTP,0,20140130,162640,4199,150
OTP,0,20140130,162652,4199,139
OTP,0,20140130,162657,4199,250
OTP,0,20140130,162715,4200,50
OTP,0,20140130,162718,4200,410
OTP,0,20140130,162736,4202,50
OTP,0,20140130,162743,4202,50
OTP,0,20140130,162832,4202,600
OTP,0,20140130,162835,4202,73
OTP,0,20140130,162835,4204,100
OTP,0,20140130,162938,4205,50
OTP,0,20140130,163004,4207,559
OTP,0,20140130,163007,4207,500
OTP,0,20140130,163030,4207,655
OTP,0,20140130,163045,4207,48
OTP,0,20140130,163135,4206,600
OTP,0,20140130,163209,4207,318
OTP,0,20140130,163209,4205,145
OTP,0,20140130,163317,4208,2104
OTP,0,20140130,163317,4209,227
OTP,0,20140130,163317,4210,1669
OTP,0,20140130,163439,4206,1000
OTP,0,20140130,163447,4205,705
OTP,0,20140130,163452,4203,1590
OTP,0,20140130,163452,4202,2114
OTP,0,20140130,163458,4201,273
OTP,0,20140130,163520,4207,13
OTP,0,20140130,163626,4205,30
OTP,0,20140130,163647,4205,200
OTP,0,20140130,163651,4205,1800
OTP,0,20140130,163656,4205,200
OTP,0,20140130,163744,4205,30
OTP,0,20140130,163817,4205,1001
OTP,0,20140130,163817,4207,499
OTP,0,20140130,163844,4207,15
OTP,0,20140130,163902,4207,973
OTP,0,20140130,163902,4208,140
OTP,0,20140130,163902,4209,1656
OTP,0,20140130,163902,4210,1331
OTP,0,20140130,163921,4210,2174
OTP,0,20140130,164023,4215,462
OTP,0,20140130,164036,4214,31
OTP,0,20140130,164036,4213,19
OTP,0,20140130,164037,4214,345
OTP,0,20140130,164042,4212,50
OTP,0,20140130,164050,4210,762
OTP,0,20140130,164056,4208,611
OTP,0,20140130,164138,4210,50
OTP,0,20140130,164234,4210,150
OTP,0,20140130,164252,4205,1707
OTP,0,20140130,164345,4210,100
OTP,0,20140130,164417,4203,94
OTP,0,20140130,164500,4205,100
OTP,0,20140130,164501,4205,37
OTP,0,20140130,164502,4209,120
OTP,0,20140130,164512,4209,380
OTP,0,20140130,164512,4210,620
OTP,0,20140130,164600,4210,406
OTP,0,20140130,164626,4210,1000
OTP,0,20140130,164716,4214,1000
OTP,0,20140130,164719,4214,500
OTP,0,20140130,164801,4211,180
OTP,0,20140130,164801,4211,396
OTP,0,20140130,164802,4211,180
OTP,0,20140130,164920,4211,500
OTP,0,20140130,165021,4213,25
OTP,0,20140130,165056,4210,1802
OTP,0,20140130,165100,4210,500
OTP,0,20140130,165100,4212,100
OTP,0,20140130,165107,4210,1438
OTP,0,20140130,165110,4210,510
OTP,0,20140130,165112,4210,490
OTP,0,20140130,165114,4210,1458
OTP,0,20140130,165123,4211,40400
OTP,0,20140130,165138,4212,120
OTP,0,20140130,165143,4212,130
OTP,0,20140130,165143,4213,175
OTP,0,20140130,165203,4213,100
OTP,0,20140130,165208,4213,25
OTP,0,20140130,165227,4210,1865
OTP,0,20140130,165230,4210,2000
OTP,0,20140130,165230,4210,434
OTP,0,20140130,165241,4210,1000
OTP,0,20140130,165303,4210,1000
OTP,0,20140130,165314,4210,1000
OTP,0,20140130,165338,4209,50
OTP,0,20140130,165344,4209,148
OTP,0,20140130,165351,4209,708
OTP,0,20140130,165351,4210,1292
OTP,0,20140130,165354,4210,2000
OTP,0,20140130,165357,4210,2000
OTP,0,20140130,165407,4210,2000
OTP,0,20140130,165413,4210,1530
OTP,0,20140130,165419,4210,470
OTP,0,20140130,165430,4206,150
OTP,0,20140130,165514,4207,1530
OTP,0,20140130,165514,4213,325
OTP,0,20140130,165514,4214,145
OTP,0,20140130,165514,4214,82
OTP,0,20140130,165514,4214,400
OTP,0,20140130,165514,4214,150
OTP,0,20140130,165515,4214,100
OTP,0,20140130,165515,4214,20
OTP,0,20140130,165515,4214,220
OTP,0,20140130,165551,4215,5259
OTP,0,20140130,165558,4210,500
OTP,0,20140130,165622,4220,30
OTP,0,20140130,165622,4220,20
OTP,0,20140130,165622,4211,19
OTP,0,20140130,165622,4220,25
OTP,0,20140130,165624,4211,1750
OTP,0,20140130,165633,4220,11
OTP,0,20140130,165734,4215,600
OTP,0,20140130,165752,4220,250
OTP,0,20140130,165823,4215,1000
OTP,0,20140130,165837,4224,210
OTP,0,20140130,165837,4225,200
OTP,0,20140130,165837,4230,190
OTP,0,20140130,165906,4215,729
OTP,0,20140130,165906,4210,61
OTP,0,20140130,165913,4210,500
OTP,0,20140130,165915,4210,4341
OTP,0,20140130,165916,4210,2500
OTP,0,20140130,165924,4210,150
OTP,0,20140130,165931,4210,450
OTP,0,20140130,165934,4210,30
OTP,0,20140130,165935,4207,750
OTP,0,20140130,165936,4207,1397
OTP,0,20140130,165936,4206,603
OTP,0,20140130,165938,4210,51
OTP,0,20140130,170514,4213,53845
