<TICKER>,<PER>,<DTYYYYMMDD>,<TIME>,<CLOSE>,<VOLUME>
OTP,0,20140128,090005,4290,16357
OTP,0,20140128,090208,4297,100
OTP,0,20140128,090208,4298,100
OTP,0,20140128,090208,4290,195
OTP,0,20140128,090209,4298,400
OTP,0,20140128,090221,4298,80
OTP,0,20140128,090223,4298,857
OTP,0,20140128,090223,4300,643
OTP,0,20140128,090228,4300,70
OTP,0,20140128,090239,4300,60
OTP,0,20140128,090250,4300,400
OTP,0,20140128,090251,4300,366
OTP,0,20140128,090251,4305,60
OTP,0,20140128,090251,4310,100
OTP,0,20140128,090251,4315,50
OTP,0,20140128,090251,4323,50
OTP,0,20140128,090251,4327,374
OTP,0,20140128,090259,4300,1500
OTP,0,20140128,090301,4327,584
OTP,0,20140128,090317,4310,883
OTP,0,20140128,090320,4309,384
OTP,0,20140128,090322,4309,90
OTP,0,20140128,090327,4309,25
OTP,0,20140128,090329,4309,1
OTP,0,20140128,090329,4310,487
OTP,0,20140128,090333,4310,1500
OTP,0,20140128,090340,4311,459
OTP,0,20140128,090358,4311,30
OTP,0,20140128,090413,4312,50
OTP,0,20140128,090413,4317,406
OTP,0,20140128,090429,4315,460
OTP,0,20140128,090430,4313,763
OTP,0,20140128,090430,4312,68
OTP,0,20140128,090430,4310,669
OTP,0,20140128,090432,4310,331
OTP,0,20140128,090432,4305,594
OTP,0,20140128,090432,4305,592
OTP,0,20140128,090438,4310,1053
OTP,0,20140128,090440,4310,98
OTP,0,20140128,090440,4310,18
OTP,0,20140128,090440,4314,400
OTP,0,20140128,090440,4315,182
OTP,0,20140128,090450,4305,498
OTP,0,20140128,090506,4310,50
OTP,0,20140128,090508,4310,672
OTP,0,20140128,090508,4314,1500
OTP,0,20140128,090509,4314,1500
OTP,0,20140128,090509,4314,1000
OTP,0,20140128,090509,4315,500
OTP,0,20140128,090509,4306,178
OTP,0,20140128,090509,4315,1500
OTP,0,20140128,090509,4315,1358
OTP,0,20140128,090514,4315,700
OTP,0,20140128,090514,4315,1500
OTP,0,20140128,090515,4315,697
OTP,0,20140128,090517,4318,940
OTP,0,20140128,090520,4317,416
OTP,0,20140128,090538,4315,150
OTP,0,20140128,090539,4315,867
OTP,0,20140128,090546,4315,500
OTP,0,20140128,090556,4315,808
OTP,0,20140128,090556,4316,586
OTP,0,20140128,090600,4316,1120
OTP,0,20140128,090618,4314,100
OTP,0,20140128,090645,4316,700
OTP,0,20140128,090651,4316,23
OTP,0,20140128,090655,4319,646
OTP,0,20140128,090655,4319,354
OTP,0,20140128,090658,4320,723
OTP,0,20140128,090706,4318,100
OTP,0,20140128,090708,4318,10
OTP,0,20140128,090708,4320,777
OTP,0,20140128,090710,4320,23
OTP,0,20140128,090717,4320,690
OTP,0,20140128,090728,4320,50
OTP,0,20140128,090731,4320,760
OTP,0,20140128,090732,4320,90
OTP,0,20140128,090739,4327,500
OTP,0,20140128,090739,4328,23
OTP,0,20140128,090739,4329,652
OTP,0,20140128,090739,4330,825
OTP,0,20140128,090740,4330,22
OTP,0,20140128,090749,4330,3
OTP,0,20140128,090757,4328,200
OTP,0,20140128,090815,4321,22
OTP,0,20140128,090819,4328,800
OTP,0,20140128,090819,4330,200
OTP,0,20140128,090823,4330,3000
OTP,0,20140128,090941,4321,32
OTP,0,20140128,090941,4320,2468
OTP,0,20140128,090944,4320,1000
OTP,0,20140128,090947,4320,100
OTP,0,20140128,091003,4320,150
OTP,0,20140128,091017,4321,1000
OTP,0,20140128,091023,4320,184
OTP,0,20140128,091051,4320,983
OTP,0,20140128,091058,4321,200
OTP,0,20140128,091101,4320,500
OTP,0,20140128,091102,4321,600
OTP,0,20140128,091109,4320,3865
OTP,0,20140128,091109,4320,200
OTP,0,20140128,091119,4320,935
OTP,0,20140128,091129,4320,1250
OTP,0,20140128,091135,4320,26
OTP,0,20140128,091143,4321,50
OTP,0,20140128,091145,4320,200
OTP,0,20140128,091153,4320,25
OTP,0,20140128,091201,4321,50
OTP,0,20140128,091209,4321,150
OTP,0,20140128,091222,4321,800
OTP,0,20140128,091240,4321,500
OTP,0,20140128,091251,4320,335
OTP,0,20140128,091351,4320,1031
OTP,0,20140128,091354,4321,40
OTP,0,20140128,091356,4321,15
OTP,0,20140128,091405,4320,5198
OTP,0,20140128,091417,4320,1500
OTP,0,20140128,091440,4315,2400
OTP,0,20140128,091445,4312,400
OTP,0,20140128,091448,4314,200
OTP,0,20140128,091449,4314,1020
OTP,0,20140128,091451,4314,115
OTP,0,20140128,091457,4314,100
OTP,0,20140128,091458,4314,485
OTP,0,20140128,091458,4310,515
OTP,0,20140128,091526,4311,30
OTP,0,20140128,091614,4311,500
OTP,0,20140128,091632,4311,110
OTP,0,20140128,091639,4311,60
OTP,0,20140128,091639,4310,1140
OTP,0,20140128,091640,4314,2001
OTP,0,20140128,091640,4315,999
OTP,0,20140128,091645,4310,55
OTP,0,20140128,091650,4310,45
OTP,0,20140128,091731,4313,20
OTP,0,20140128,091731,4314,500
OTP,0,20140128,091731,4315,480
OTP,0,20140128,091803,4310,20
OTP,0,20140128,091811,4310,105
OTP,0,20140128,091812,4310,5
OTP,0,20140128,091820,4313,288
OTP,0,20140128,091821,4313,312
OTP,0,20140128,091825,4314,758
OTP,0,20140128,091854,4314,1030
OTP,0,20140128,091854,4310,63
OTP,0,20140128,091910,4310,70
OTP,0,20140128,091910,4307,130
OTP,0,20140128,091945,4313,201
OTP,0,20140128,091945,4314,39
OTP,0,20140128,092033,4313,31
OTP,0,20140128,092043,4313,219
OTP,0,20140128,092043,4310,31
OTP,0,20140128,092108,4314,972
OTP,0,20140128,092108,4315,28
OTP,0,20140128,092110,4315,993
OTP,0,20140128,092204,4315,33
OTP,0,20140128,092241,4318,50
OTP,0,20140128,092244,4318,73
OTP,0,20140128,092309,4316,50
OTP,0,20140128,092334,4316,49
OTP,0,20140128,092334,4315,183
OTP,0,20140128,092355,4317,50
OTP,0,20140128,092356,4317,133
OTP,0,20140128,092416,4317,200
OTP,0,20140128,092427,4318,1000
OTP,0,20140128,092511,4317,667
OTP,0,20140128,092517,4317,200
OTP,0,20140128,092519,4316,40
OTP,0,20140128,092519,4317,916
OTP,0,20140128,092536,4316,10
OTP,0,20140128,092537,4315,217
OTP,0,20140128,092544,4315,200
OTP,0,20140128,092555,4316,338
OTP,0,20140128,092558,4317,462
OTP,0,20140128,092625,4315,374
OTP,0,20140128,092636,4312,600
OTP,0,20140128,092636,4311,371
OTP,0,20140128,092648,4312,30
OTP,0,20140128,092754,4312,191
OTP,0,20140128,092754,4311,980
OTP,0,20140128,092754,4310,1829
OTP,0,20140128,092800,4313,242
OTP,0,20140128,092800,4314,258
OTP,0,20140128,092811,4314,100
OTP,0,20140128,093003,4310,259
OTP,0,20140128,093010,4310,421
OTP,0,20140128,093020,4309,600
OTP,0,20140128,093029,4308,50
OTP,0,20140128,093034,4307,870
OTP,0,20140128,093046,4307,14
OTP,0,20140128,093048,4307,116
OTP,0,20140128,093048,4310,584
OTP,0,20140128,093049,4306,600
OTP,0,20140128,093055,4306,200
OTP,0,20140128,093113,4305,100
OTP,0,20140128,093113,4305,40
OTP,0,20140128,093127,4305,20
OTP,0,20140128,093131,4305,100
OTP,0,20140128,093204,4306,300
OTP,0,20140128,093215,4306,900
OTP,0,20140128,093215,4307,924
OTP,0,20140128,093227,4307,957
OTP,0,20140128,093227,4308,43
OTP,0,20140128,093234,4308,57
OTP,0,20140128,093234,4309,43
OTP,0,20140128,093428,4309,25
OTP,0,20140128,093448,4308,50
OTP,0,20140128,093448,4309,10
OTP,0,20140128,093452,4309,300
OTP,0,20140128,093648,4309,412
OTP,0,20140128,093655,4309,600
OTP,0,20140128,093725,4309,10
OTP,0,20140128,093725,4310,490
OTP,0,20140128,093909,4310,30
OTP,0,20140128,093916,4310,28
OTP,0,20140128,093944,4310,5000
OTP,0,20140128,094009,4311,100
OTP,0,20140128,094142,4311,105
OTP,0,20140128,094203,4311,120
OTP,0,20140128,094220,4311,200
OTP,0,20140128,094229,4310,47
OTP,0,20140128,094242,4311,1575
OTP,0,20140128,094251,4313,25
OTP,0,20140128,094257,4314,100
OTP,0,20140128,094257,4314,775
OTP,0,20140128,094342,4314,15
OTP,0,20140128,094358,4314,1610
OTP,0,20140128,094358,4315,890
OTP,0,20140128,094406,4311,70
OTP,0,20140128,094510,4314,100
OTP,0,20140128,094540,4313,50
OTP,0,20140128,094558,4312,10
OTP,0,20140128,094600,4311,2080
OTP,0,20140128,094604,4310,2500
OTP,0,20140128,094608,4310,1000
OTP,0,20140128,094610,4310,400
OTP,0,20140128,094612,4310,1426
OTP,0,20140128,094614,4310,600
OTP,0,20140128,094622,4310,500
OTP,0,20140128,094623,4310,300
OTP,0,20140128,094646,4309,50
OTP,0,20140128,094715,4309,5
OTP,0,20140128,094721,4307,799
OTP,0,20140128,094721,4306,100
OTP,0,20140128,094721,4305,1101
OTP,0,20140128,094729,4305,134
OTP,0,20140128,094749,4310,1252
OTP,0,20140128,094749,4312,1490
OTP,0,20140128,094753,4312,2258
OTP,0,20140128,094827,4309,162
OTP,0,20140128,094841,4308,138
OTP,0,20140128,094843,4308,100
OTP,0,20140128,094848,4304,758
OTP,0,20140128,094850,4303,1600
OTP,0,20140128,094850,4301,400
OTP,0,20140128,094852,4304,4242
OTP,0,20140128,094917,4309,26
OTP,0,20140128,094919,4305,700
OTP,0,20140128,094938,4305,58
OTP,0,20140128,094938,4302,42
OTP,0,20140128,094957,4302,2000
OTP,0,20140128,095102,4302,50
OTP,0,20140128,095115,4302,120
OTP,0,20140128,095118,4303,100
OTP,0,20140128,095122,4303,97
OTP,0,20140128,095122,4304,527
OTP,0,20140128,095208,4304,400
OTP,0,20140128,095229,4304,6
OTP,0,20140128,095313,4302,50
OTP,0,20140128,095339,4305,230
OTP,0,20140128,095344,4302,439
OTP,0,20140128,095344,4301,2134
OTP,0,20140128,095344,4300,12427
OTP,0,20140128,095349,4300,1869
OTP,0,20140128,095420,4295,921
OTP,0,20140128,095420,4295,67
OTP,0,20140128,095420,4293,333
OTP,0,20140128,095420,4293,200
OTP,0,20140128,095431,4299,100
OTP,0,20140128,095443,4293,271
OTP,0,20140128,095504,4299,40
OTP,0,20140128,095538,4293,10
OTP,0,20140128,095628,4293,686
OTP,0,20140128,095709,4293,860
OTP,0,20140128,095723,4294,356
OTP,0,20140128,095726,4298,444
OTP,0,20140128,095900,4297,196
OTP,0,20140128,095929,4297,86
OTP,0,20140128,095942,4294,112
OTP,0,20140128,100110,4294,82
OTP,0,20140128,100110,4293,418
OTP,0,20140128,100114,4297,140
OTP,0,20140128,100124,4297,360
OTP,0,20140128,100140,4297,1000
OTP,0,20140128,100343,4297,186
OTP,0,20140128,100343,4298,114
OTP,0,20140128,100513,4293,30
OTP,0,20140128,100736,4298,111
OTP,0,20140128,100805,4295,1165
OTP,0,20140128,100829,4295,20
OTP,0,20140128,100844,4295,143
OTP,0,20140128,100847,4295,500
OTP,0,20140128,100856,4295,40
OTP,0,20140128,100903,4295,200
OTP,0,20140128,101041,4292,151
OTP,0,20140128,101100,4295,3709
OTP,0,20140128,101121,4299,1500
OTP,0,20140128,101138,4300,1500
OTP,0,20140128,101138,4300,1500
OTP,0,20140128,101138,4300,1500
OTP,0,20140128,101140,4300,1500
OTP,0,20140128,101207,4300,1013
OTP,0,20140128,101215,4300,1500
OTP,0,20140128,101354,4309,276
OTP,0,20140128,101354,4310,1025
OTP,0,20140128,101417,4312,900
OTP,0,20140128,101417,4315,800
OTP,0,20140128,101417,4310,199
OTP,0,20140128,101504,4310,100
OTP,0,20140128,101814,4305,233
OTP,0,20140128,102041,4305,979
OTP,0,20140128,102157,4303,20
OTP,0,20140128,102246,4309,250
OTP,0,20140128,102526,4309,115
OTP,0,20140128,102611,4303,980
OTP,0,20140128,102618,4301,900
OTP,0,20140128,102626,4300,100
OTP,0,20140128,102630,4309,1923
OTP,0,20140128,102654,4309,50
OTP,0,20140128,102726,4309,100
OTP,0,20140128,102735,4309,3300
OTP,0,20140128,102739,4309,27
OTP,0,20140128,102933,4309,14
OTP,0,20140128,102958,4309,46
OTP,0,20140128,103024,4309,115
OTP,0,20140128,103038,4309,1061
OTP,0,20140128,103038,4310,89
OTP,0,20140128,103134,4310,235
OTP,0,20140128,103313,4310,2359
OTP,0,20140128,103349,4310,100
OTP,0,20140128,103411,4311,20
OTP,0,20140128,103420,4311,927
OTP,0,20140128,103420,4315,825
OTP,0,20140128,103420,4316,248
OTP,0,20140128,103420,4316,102
OTP,0,20140128,103439,4315,500
OTP,0,20140128,103444,4315,500
OTP,0,20140128,103526,4315,636
OTP,0,20140128,103530,4316,319
OTP,0,20140128,103704,4316,230
OTP,0,20140128,103752,4316,200
OTP,0,20140128,103813,4315,858
OTP,0,20140128,103833,4316,41
OTP,0,20140128,103834,4315,3742
OTP,0,20140128,103836,4316,10
OTP,0,20140128,103840,4313,25
OTP,0,20140128,103848,4316,10
OTP,0,20140128,103901,4316,59
OTP,0,20140128,104035,4316,60
OTP,0,20140128,104136,4311,26938
OTP,0,20140128,104147,4305,690
OTP,0,20140128,104229,4311,95
OTP,0,20140128,104229,4304,500
OTP,0,20140128,104239,4303,1037
OTP,0,20140128,104411,4307,1827
OTP,0,20140128,104429,4302,1500
OTP,0,20140128,104429,4301,2000
OTP,0,20140128,104603,4301,300
OTP,0,20140128,104609,4301,400
OTP,0,20140128,104609,4300,4600
OTP,0,20140128,104623,4300,1152
OTP,0,20140128,104654,4301,500
OTP,0,20140128,104758,4303,500
OTP,0,20140128,104824,4303,800
OTP,0,20140128,104935,4301,200
OTP,0,20140128,105028,4301,100
OTP,0,20140128,105037,4304,953
OTP,0,20140128,105041,4310,65
OTP,0,20140128,105045,4311,1405
OTP,0,20140128,105055,4310,255
OTP,0,20140128,105224,4310,10
OTP,0,20140128,105522,4305,69
OTP,0,20140128,105535,4304,1000
OTP,0,20140128,105544,4304,2057
OTP,0,20140128,105550,4301,30
OTP,0,20140128,105551,4300,858
OTP,0,20140128,105555,4300,2000
OTP,0,20140128,105557,4300,2000
OTP,0,20140128,105623,4300,600
OTP,0,20140128,105626,4300,1500
OTP,0,20140128,105627,4300,708
OTP,0,20140128,105631,4299,70
OTP,0,20140128,105646,4298,770
OTP,0,20140128,105650,4304,576
OTP,0,20140128,105720,4295,90
OTP,0,20140128,105720,4295,20
OTP,0,20140128,110241,4299,2000
OTP,0,20140128,110340,4299,1498
OTP,0,20140128,110341,4299,1438
OTP,0,20140128,110833,4301,250
OTP,0,20140128,110843,4301,4000
OTP,0,20140128,110938,4301,100
OTP,0,20140128,111018,4301,220
OTP,0,20140128,111042,4300,5000
OTP,0,20140128,111240,4300,1111
OTP,0,20140128,111300,4300,327
OTP,0,20140128,111333,4301,100
OTP,0,20140128,111408,4301,3000
OTP,0,20140128,111418,4301,1498
OTP,0,20140128,111419,4301,710
OTP,0,20140128,111435,4310,36
OTP,0,20140128,111435,4314,414
OTP,0,20140128,111450,4301,340
OTP,0,20140128,111659,4310,45
OTP,0,20140128,111759,4305,1000
OTP,0,20140128,111828,4302,122
OTP,0,20140128,112148,4305,2153
OTP,0,20140128,112148,4305,727
OTP,0,20140128,112559,4310,50
OTP,0,20140128,112611,4310,232
OTP,0,20140128,112958,4310,200
OTP,0,20140128,113013,4310,200
OTP,0,20140128,113115,4307,1000
OTP,0,20140128,113122,4307,1000
OTP,0,20140128,113127,4306,90
OTP,0,20140128,113135,4306,10
OTP,0,20140128,113146,4307,2000
OTP,0,20140128,113155,4307,972
OTP,0,20140128,113155,4307,873
OTP,0,20140128,113252,4309,70
OTP,0,20140128,113337,4307,155
OTP,0,20140128,113419,4307,100
OTP,0,20140128,113420,4306,904
OTP,0,20140128,113644,4306,1086
OTP,0,20140128,113741,4307,10
OTP,0,20140128,113755,4307,2000
OTP,0,20140128,113808,4305,20
OTP,0,20140128,114418,4305,1077
OTP,0,20140128,114457,4305,1085
OTP,0,20140128,114556,4305,578
OTP,0,20140128,114643,4306,30
OTP,0,20140128,114815,4304,200
OTP,0,20140128,114834,4303,1003
OTP,0,20140128,114844,4302,630
OTP,0,20140128,114958,4300,1500
OTP,0,20140128,114959,4300,1026
OTP,0,20140128,115228,4303,1192
OTP,0,20140128,115232,4303,513
OTP,0,20140128,115301,4303,3000
OTP,0,20140128,115433,4303,660
OTP,0,20140128,115500,4303,300
OTP,0,20140128,115647,4303,2000
OTP,0,20140128,115658,4303,738
OTP,0,20140128,115745,4303,692
OTP,0,20140128,115846,4303,1078
OTP,0,20140128,115848,4303,111
OTP,0,20140128,115912,4303,1000
OTP,0,20140128,120051,4303,597
OTP,0,20140128,120104,4303,2000
OTP,0,20140128,120307,4302,448
OTP,0,20140128,120328,4302,1052
OTP,0,20140128,120450,4302,20
OTP,0,20140128,120516,4302,114
OTP,0,20140128,120604,4302,150
OTP,0,20140128,120739,4302,56
OTP,0,20140128,120928,4302,43
OTP,0,20140128,121145,4302,450
OTP,0,20140128,121409,4302,600
OTP,0,20140128,121612,4302,468
OTP,0,20140128,121624,4302,1661
OTP,0,20140128,121625,4302,339
OTP,0,20140128,121625,4302,87
OTP,0,20140128,121646,4302,60
OTP,0,20140128,121736,4302,665
OTP,0,20140128,121736,4304,335
OTP,0,20140128,122038,4304,2050
OTP,0,20140128,122038,4304,677
OTP,0,20140128,122256,4306,6
OTP,0,20140128,122335,4304,1011
OTP,0,20140128,122408,4306,1
OTP,0,20140128,122409,4307,939
OTP,0,20140128,122428,4308,1165
OTP,0,20140128,122733,4309,5163
OTP,0,20140128,122809,4307,15
OTP,0,20140128,122944,4307,15
OTP,0,20140128,123056,4307,15
OTP,0,20140128,123110,4307,23
OTP,0,20140128,123221,4307,5
OTP,0,20140128,123533,4309,200
OTP,0,20140128,123533,4310,985
OTP,0,20140128,123604,4310,1212
OTP,0,20140128,123653,4312,2627
OTP,0,20140128,123745,4314,131
OTP,0,20140128,123936,4315,15
OTP,0,20140128,124000,4315,235
OTP,0,20140128,124246,4316,4090
OTP,0,20140128,124409,4315,1000
OTP,0,20140128,124409,4315,28
OTP,0,20140128,124520,4317,1323
OTP,0,20140128,124520,4317,677
OTP,0,20140128,124525,4315,406
OTP,0,20140128,124657,4317,10
OTP,0,20140128,124803,4315,3232
OTP,0,20140128,124909,4315,500
OTP,0,20140128,125000,4315,600
OTP,0,20140128,125014,4317,89
OTP,0,20140128,125014,4318,11
OTP,0,20140128,125350,4315,368
OTP,0,20140128,125350,4312,130
OTP,0,20140128,125350,4311,1009
OTP,0,20140128,125350,4310,1493
OTP,0,20140128,125408,4315,5000
OTP,0,20140128,125417,4315,558
OTP,0,20140128,125810,4317,50
OTP,0,20140128,125837,4317,50
OTP,0,20140128,125852,4315,7769
OTP,0,20140128,125925,4317,50
OTP,0,20140128,125938,4317,2662
OTP,0,20140128,125941,4317,1000
OTP,0,20140128,130005,4317,75
OTP,0,20140128,130007,4318,3899
OTP,0,20140128,130016,4318,40
OTP,0,20140128,130058,4319,250
OTP,0,20140128,130157,4318,10
OTP,0,20140128,130428,4318,15
OTP,0,20140128,131224,4319,2777
OTP,0,20140128,131239,4319,225
OTP,0,20140128,131304,4319,1960
OTP,0,20140128,131348,4320,33
OTP,0,20140128,131612,4320,810
OTP,0,20140128,131656,4320,30
OTP,0,20140128,131729,4320,100
OTP,0,20140128,131819,4320,600
OTP,0,20140128,131916,4320,675
OTP,0,20140128,132017,4320,100
OTP,0,20140128,132045,4320,2049
OTP,0,20140128,132045,4320,2000
OTP,0,20140128,132233,4322,20
OTP,0,20140128,132431,4322,2000
OTP,0,20140128,132518,4321,1784
OTP,0,20140128,132518,4320,1151
OTP,0,20140128,132518,4320,1310
OTP,0,20140128,132529,4320,755
OTP,0,20140128,132539,4320,996
OTP,0,20140128,132614,4319,1000
OTP,0,20140128,132642,4320,271
OTP,0,20140128,132752,4318,20
OTP,0,20140128,132828,4318,6430
OTP,0,20140128,132842,4318,36
OTP,0,20140128,132845,4317,1017
OTP,0,20140128,132917,4317,385
OTP,0,20140128,132917,4316,1010
OTP,0,20140128,132942,4315,262
OTP,0,20140128,133004,4310,1232
OTP,0,20140128,133009,4310,2246
OTP,0,20140128,133036,4307,20
OTP,0,20140128,133122,4307,1007
OTP,0,20140128,133130,4305,150
OTP,0,20140128,133152,4305,1000
OTP,0,20140128,133258,4305,2000
OTP,0,20140128,133259,4305,433
OTP,0,20140128,133310,4304,908
OTP,0,20140128,133311,4304,153
OTP,0,20140128,133657,4308,1500
OTP,0,20140128,133724,4308,50
OTP,0,20140128,133754,4308,22
OTP,0,20140128,133923,4308,1275
OTP,0,20140128,134119,4308,40
OTP,0,20140128,134138,4306,13
OTP,0,20140128,134240,4308,10
OTP,0,20140128,134311,4307,13
OTP,0,20140128,134311,4308,987
OTP,0,20140128,134322,4306,30
OTP,0,20140128,134442,4306,779
OTP,0,20140128,134737,4306,51
OTP,0,20140128,134737,4305,4
OTP,0,20140128,134739,4305,1161
OTP,0,20140128,134951,4306,1300
OTP,0,20140128,135133,4307,2801
OTP,0,20140128,135134,4307,199
OTP,0,20140128,135134,4307,189
OTP,0,20140128,135147,4307,646
OTP,0,20140128,135155,4309,1000
OTP,0,20140128,135221,4316,1099
OTP,0,20140128,135221,4319,51
OTP,0,20140128,135336,4310,75
OTP,0,20140128,135355,4309,1000
OTP,0,20140128,135421,4309,28
OTP,0,20140128,135421,4308,322
OTP,0,20140128,135505,4308,5
OTP,0,20140128,135534,4308,2194
OTP,0,20140128,135534,4308,839
OTP,0,20140128,135604,4305,785
OTP,0,20140128,135607,4304,562
OTP,0,20140128,135609,4304,50
OTP,0,20140128,135745,4308,2199
OTP,0,20140128,135749,4308,1834
OTP,0,20140128,140136,4306,15
OTP,0,20140128,140140,4306,1498
OTP,0,20140128,140150,4305,1250
OTP,0,20140128,140213,4306,2
OTP,0,20140128,140213,4307,725
OTP,0,20140128,140232,4307,750
OTP,0,20140128,140631,4306,100
OTP,0,20140128,140827,4306,3500
OTP,0,20140128,141109,4306,845
OTP,0,20140128,141109,4305,4155
OTP,0,20140128,141156,4305,15
OTP,0,20140128,141213,4305,2744
OTP,0,20140128,141216,4305,1706
OTP,0,20140128,141216,4304,294
OTP,0,20140128,141229,4304,1000
OTP,0,20140128,141302,4304,94
OTP,0,20140128,141312,4303,6
OTP,0,20140128,141329,4305,4120
OTP,0,20140128,141829,4305,15
OTP,0,20140128,141939,4305,130
OTP,0,20140128,142011,4303,37
OTP,0,20140128,142011,4302,300
OTP,0,20140128,142011,4301,380
OTP,0,20140128,142011,4300,283
OTP,0,20140128,142034,4300,1500
OTP,0,20140128,142043,4300,4000
OTP,0,20140128,142047,4300,1000
OTP,0,20140128,142121,4300,1000
OTP,0,20140128,142127,4300,1000
OTP,0,20140128,142127,4300,1170
OTP,0,20140128,142133,4303,144
OTP,0,20140128,142133,4304,856
OTP,0,20140128,142136,4300,100
OTP,0,20140128,142210,4300,1000
OTP,0,20140128,142354,4303,80
OTP,0,20140128,142400,4300,1377
OTP,0,20140128,142401,4300,1377
OTP,0,20140128,142411,4300,444
OTP,0,20140128,142418,4300,537
OTP,0,20140128,142423,4300,999
OTP,0,20140128,142426,4300,10
OTP,0,20140128,142432,4299,60
OTP,0,20140128,142501,4298,22
OTP,0,20140128,142508,4297,700
OTP,0,20140128,142515,4296,400
OTP,0,20140128,142520,4295,100
OTP,0,20140128,142532,4295,500
OTP,0,20140128,142533,4295,495
OTP,0,20140128,142606,4295,126
OTP,0,20140128,142620,4295,140
OTP,0,20140128,142639,4294,600
OTP,0,20140128,142749,4293,435
OTP,0,20140128,142749,4293,218
OTP,0,20140128,142808,4292,49
OTP,0,20140128,142808,4291,755
OTP,0,20140128,142808,4290,9196
OTP,0,20140128,142808,4290,400
OTP,0,20140128,142808,4290,1000
OTP,0,20140128,142810,4293,10
OTP,0,20140128,142813,4290,446
OTP,0,20140128,142816,4288,2025
OTP,0,20140128,142816,4285,30
OTP,0,20140128,142816,4285,70
OTP,0,20140128,142816,4285,31
OTP,0,20140128,142826,4285,69
OTP,0,20140128,142850,4286,1205
OTP,0,20140128,142851,4286,195
OTP,0,20140128,142855,4285,200
OTP,0,20140128,142931,4285,1483
OTP,0,20140128,142932,4285,3176
OTP,0,20140128,142944,4287,938
OTP,0,20140128,143001,4288,911
OTP,0,20140128,143001,4290,913
OTP,0,20140128,143014,4285,500
OTP,0,20140128,143028,4285,737
OTP,0,20140128,143115,4285,555
OTP,0,20140128,143125,4285,118
OTP,0,20140128,143152,4282,100
OTP,0,20140128,143152,4281,100
OTP,0,20140128,143158,4281,1565
OTP,0,20140128,143158,4280,435
OTP,0,20140128,143158,4280,60
OTP,0,20140128,143158,4280,200
OTP,0,20140128,143216,4280,1358
OTP,0,20140128,143217,4280,141
OTP,0,20140128,143223,4276,52
OTP,0,20140128,143304,4276,475
OTP,0,20140128,143304,4275,25
OTP,0,20140128,143307,4275,2000
OTP,0,20140128,143336,4275,300
OTP,0,20140128,143349,4275,201
OTP,0,20140128,143350,4275,154
OTP,0,20140128,143402,4272,400
OTP,0,20140128,143402,4271,600
OTP,0,20140128,143405,4271,3000
OTP,0,20140128,143409,4271,2700
OTP,0,20140128,143410,4271,148
OTP,0,20140128,143411,4270,1498
OTP,0,20140128,143413,4271,291
OTP,0,20140128,143413,4270,338
OTP,0,20140128,143436,4270,700
OTP,0,20140128,143439,4270,594
OTP,0,20140128,143500,4275,10
OTP,0,20140128,143505,4275,9
OTP,0,20140128,143507,4275,8
OTP,0,20140128,143516,4275,350
OTP,0,20140128,143516,4275,29
OTP,0,20140128,143516,4279,221
OTP,0,20140128,143622,4276,324
OTP,0,20140128,143626,4276,300
OTP,0,20140128,143633,4276,376
OTP,0,20140128,143655,4276,277
OTP,0,20140128,143655,4275,223
OTP,0,20140128,143751,4275,500
OTP,0,20140128,143754,4278,3353
OTP,0,20140128,143821,4279,29
OTP,0,20140128,143821,4280,2171
OTP,0,20140128,143821,4280,116
OTP,0,20140128,143945,4277,500
OTP,0,20140128,143947,4277,200
OTP,0,20140128,144046,4278,600
OTP,0,20140128,144117,4278,10
OTP,0,20140128,144135,4278,100
OTP,0,20140128,144225,4276,228
OTP,0,20140128,144355,4278,1200
OTP,0,20140128,144433,4278,1
OTP,0,20140128,144433,4280,218
OTP,0,20140128,144529,4287,330
OTP,0,20140128,144820,4280,500
OTP,0,20140128,144824,4280,500
OTP,0,20140128,144831,4280,456
OTP,0,20140128,144841,4286,1247
OTP,0,20140128,144842,4287,470
OTP,0,20140128,144850,4288,200
OTP,0,20140128,144851,4287,1000
OTP,0,20140128,144916,4287,1030
OTP,0,20140128,144916,4288,3111
OTP,0,20140128,144917,4288,654
OTP,0,20140128,145527,4288,379
OTP,0,20140128,145621,4294,1420
OTP,0,20140128,145621,4295,80
OTP,0,20140128,145627,4295,1500
OTP,0,20140128,145629,4295,1365
OTP,0,20140128,145637,4295,135
OTP,0,20140128,145757,4295,232
OTP,0,20140128,145826,4295,133
OTP,0,20140128,145909,4297,400
OTP,0,20140128,145918,4300,1500
OTP,0,20140128,145918,4300,1500
OTP,0,20140128,145954,4296,1000
OTP,0,20140128,150100,4298,544
OTP,0,20140128,150106,4298,956
OTP,0,20140128,150115,4296,242
OTP,0,20140128,150115,4295,1258
OTP,0,20140128,150115,4295,242
OTP,0,20140128,150115,4295,168
OTP,0,20140128,150121,4292,1500
OTP,0,20140128,150122,4292,48
OTP,0,20140128,150122,4291,1452
OTP,0,20140128,150122,4292,664
OTP,0,20140128,150122,4291,48
OTP,0,20140128,150122,4290,788
OTP,0,20140128,150126,4290,500
OTP,0,20140128,150141,4290,212
OTP,0,20140128,150146,4289,288
OTP,0,20140128,150150,4289,312
OTP,0,20140128,150220,4288,50
OTP,0,20140128,150234,4283,451
OTP,0,20140128,150234,4281,1049
OTP,0,20140128,150237,4281,1500
OTP,0,20140128,150358,4283,60
OTP,0,20140128,150455,4283,200
OTP,0,20140128,150529,4283,200
OTP,0,20140128,150723,4286,1404
OTP,0,20140128,150727,4286,1095
OTP,0,20140128,150732,4286,169
OTP,0,20140128,150737,4286,3714
OTP,0,20140128,150821,4286,688
OTP,0,20140128,150840,4287,1500
OTP,0,20140128,150908,4288,1950
OTP,0,20140128,151011,4299,500
OTP,0,20140128,151011,4300,1000
OTP,0,20140128,151125,4295,200
OTP,0,20140128,151326,4295,593
OTP,0,20140128,151444,4291,972
OTP,0,20140128,151444,4290,1525
OTP,0,20140128,151444,4290,656
OTP,0,20140128,151445,4290,356
OTP,0,20140128,151452,4288,500
OTP,0,20140128,151503,4287,850
OTP,0,20140128,151515,4287,500
OTP,0,20140128,151603,4286,250
OTP,0,20140128,151613,4286,250
OTP,0,20140128,151617,4286,250
OTP,0,20140128,151617,4287,381
OTP,0,20140128,151626,4290,890
OTP,0,20140128,151644,4290,115
OTP,0,20140128,151649,4290,486
OTP,0,20140128,151659,4290,929
OTP,0,20140128,151808,4290,31
OTP,0,20140128,151826,4286,457
OTP,0,20140128,151846,4286,381
OTP,0,20140128,151848,4286,250
OTP,0,20140128,151851,4286,250
OTP,0,20140128,151853,4286,250
OTP,0,20140128,151854,4286,250
OTP,0,20140128,151858,4286,383
OTP,0,20140128,151919,4287,1000
OTP,0,20140128,151922,4287,134
OTP,0,20140128,151931,4285,500
OTP,0,20140128,151939,4282,500
OTP,0,20140128,151955,4281,2451
OTP,0,20140128,151955,4280,1836
OTP,0,20140128,152055,4284,1000
OTP,0,20140128,152056,4284,1667
OTP,0,20140128,152119,4284,375
OTP,0,20140128,152200,4284,500
OTP,0,20140128,152200,4285,500
OTP,0,20140128,152228,4284,20
OTP,0,20140128,152258,4282,1106
OTP,0,20140128,152317,4282,105
OTP,0,20140128,152351,4282,1799
OTP,0,20140128,152426,4282,19
OTP,0,20140128,152551,4282,10
OTP,0,20140128,152712,4284,3000
OTP,0,20140128,152742,4283,1000
OTP,0,20140128,152747,4284,1498
OTP,0,20140128,152820,4283,600
OTP,0,20140128,152829,4285,1271
OTP,0,20140128,152839,4285,389
OTP,0,20140128,152840,4285,500
OTP,0,20140128,152851,4285,755
OTP,0,20140128,152900,4285,500
OTP,0,20140128,152923,4285,118
OTP,0,20140128,153024,4285,600
OTP,0,20140128,153024,4286,2761
OTP,0,20140128,153036,4286,409
OTP,0,20140128,153041,4287,1000
OTP,0,20140128,153131,4286,1000
OTP,0,20140128,153136,4287,645
OTP,0,20140128,153234,4286,430
OTP,0,20140128,153339,4285,480
OTP,0,20140128,153530,4286,1345
OTP,0,20140128,153534,4285,15
OTP,0,20140128,153548,4285,485
OTP,0,20140128,153614,4285,515
OTP,0,20140128,153741,4285,1000
OTP,0,20140128,153813,4286,2503
OTP,0,20140128,153839,4286,1325
OTP,0,20140128,153937,4287,1000
OTP,0,20140128,153953,4288,866
OTP,0,20140128,153953,4289,1134
OTP,0,20140128,154048,4285,30
OTP,0,20140128,154147,4284,1000
OTP,0,20140128,154251,4284,500
OTP,0,20140128,154254,4284,448
OTP,0,20140128,154304,4284,832
OTP,0,20140128,154304,4287,77
OTP,0,20140128,154443,4287,723
OTP,0,20140128,154443,4288,277
OTP,0,20140128,154459,4288,400
OTP,0,20140128,154544,4288,1500
OTP,0,20140128,154657,4287,221
OTP,0,20140128,154657,4287,400
OTP,0,20140128,154700,4287,60
OTP,0,20140128,154706,4287,100
OTP,0,20140128,154718,4287,300
OTP,0,20140128,154719,4287,20
OTP,0,20140128,154737,4286,100
OTP,0,20140128,154738,4286,100
OTP,0,20140128,154742,4287,31
OTP,0,20140128,154750,4286,100
OTP,0,20140128,154750,4285,100
OTP,0,20140128,154759,4286,200
OTP,0,20140128,154828,4286,400
OTP,0,20140128,154831,4287,3527
OTP,0,20140128,154831,4289,366
OTP,0,20140128,154831,4294,1500
OTP,0,20140128,154831,4299,1300
OTP,0,20140128,154831,4300,2000
OTP,0,20140128,154848,4300,900
OTP,0,20140128,154849,4300,1625
OTP,0,20140128,154850,4300,200
OTP,0,20140128,154903,4300,554
OTP,0,20140128,154930,4300,3300
OTP,0,20140128,154943,4300,183
OTP,0,20140128,155001,4300,2817
OTP,0,20140128,155003,4296,900
OTP,0,20140128,155003,4295,300
OTP,0,20140128,155101,4298,300
OTP,0,20140128,155121,4295,6
OTP,0,20140128,155203,4295,145
OTP,0,20140128,155239,4293,2000
OTP,0,20140128,155241,4292,388
OTP,0,20140128,155241,4291,1467
OTP,0,20140128,155354,4294,1000
OTP,0,20140128,155411,4294,357
OTP,0,20140128,155415,4294,490
OTP,0,20140128,155512,4300,500
OTP,0,20140128,155520,4300,2000
OTP,0,20140128,155546,4299,3000
OTP,0,20140128,155606,4299,100
OTP,0,20140128,155614,4296,400
OTP,0,20140128,155626,4299,904
OTP,0,20140128,155626,4304,1096
OTP,0,20140128,155630,4304,60
OTP,0,20140128,155630,4297,1000
OTP,0,20140128,155650,4297,400
OTP,0,20140128,155657,4300,1400
OTP,0,20140128,155914,4300,2500
OTP,0,20140128,155921,4300,1000
OTP,0,20140128,155937,4299,1000
OTP,0,20140128,155942,4300,2050
OTP,0,20140128,160026,4300,1000
OTP,0,20140128,160050,4300,1800
OTP,0,20140128,160055,4300,1500
OTP,0,20140128,160108,4299,300
OTP,0,20140128,160113,4299,1615
OTP,0,20140128,160115,4298,844
OTP,0,20140128,160145,4300,120
OTP,0,20140128,160209,4300,1000
OTP,0,20140128,160215,4299,11
OTP,0,20140128,160241,4296,600
OTP,0,20140128,160307,4297,500
OTP,0,20140128,160311,4297,500
OTP,0,20140128,160314,4297,53
OTP,0,20140128,160342,4295,70
OTP,0,20140128,160342,4294,1160
OTP,0,20140128,160343,4294,92
OTP,0,20140128,160435,4297,700
OTP,0,20140128,160435,4295,1570
OTP,0,20140128,160535,4299,3861
OTP,0,20140128,160537,4299,967
OTP,0,20140128,160857,4297,100
OTP,0,20140128,160907,4297,1205
OTP,0,20140128,160908,4297,340
OTP,0,20140128,160915,4297,1451
OTP,0,20140128,160920,4296,47
OTP,0,20140128,160920,4295,4453
OTP,0,20140128,160924,4295,46
OTP,0,20140128,160927,4294,1217
OTP,0,20140128,160942,4295,25
OTP,0,20140128,160944,4296,1220
OTP,0,20140128,160945,4296,945
OTP,0,20140128,161011,4296,500
OTP,0,20140128,161039,4297,770
OTP,0,20140128,161057,4297,60
OTP,0,20140128,161112,4297,40
OTP,0,20140128,161112,4298,2982
OTP,0,20140128,161112,4299,3000
OTP,0,20140128,161112,4300,978
OTP,0,20140128,161115,4296,1075
OTP,0,20140128,161141,4296,1391
OTP,0,20140128,161141,4295,609
OTP,0,20140128,161240,4295,607
OTP,0,20140128,161240,4295,106
OTP,0,20140128,161255,4293,292
OTP,0,20140128,161258,4297,23
OTP,0,20140128,161401,4293,349
OTP,0,20140128,161402,4293,162
OTP,0,20140128,161412,4292,315
OTP,0,20140128,161412,4291,685
OTP,0,20140128,161414,4294,1075
OTP,0,20140128,161414,4295,7848
OTP,0,20140128,161415,4291,15
OTP,0,20140128,161417,4287,140
OTP,0,20140128,161423,4293,1136
OTP,0,20140128,161423,4295,1875
OTP,0,20140128,161517,4292,1442
OTP,0,20140128,161545,4294,1000
OTP,0,20140128,161701,4294,556
OTP,0,20140128,161918,4292,549
OTP,0,20140128,162004,4292,452
OTP,0,20140128,162122,4290,1842
OTP,0,20140128,162150,4291,44800
OTP,0,20140128,162151,4290,2754
OTP,0,20140128,162156,4288,752
OTP,0,20140128,162156,4287,2000
OTP,0,20140128,162156,4286,593
OTP,0,20140128,162159,4290,2000
OTP,0,20140128,162159,4290,993
OTP,0,20140128,162202,4290,7
OTP,0,20140128,162204,4290,1780
OTP,0,20140128,162206,4290,1220
OTP,0,20140128,162210,4286,1347
OTP,0,20140128,162219,4285,3275
OTP,0,20140128,162221,4289,5169
OTP,0,20140128,162222,4285,1143
OTP,0,20140128,162224,4285,235
OTP,0,20140128,162242,4283,70
OTP,0,20140128,162242,4281,750
OTP,0,20140128,162242,4280,2180
OTP,0,20140128,162246,4285,343
OTP,0,20140128,162315,4285,100
OTP,0,20140128,162400,4280,1579
OTP,0,20140128,162444,4276,355
OTP,0,20140128,162444,4275,1599
OTP,0,20140128,162620,4279,100
OTP,0,20140128,162621,4279,465
OTP,0,20140128,162752,4273,1001
OTP,0,20140128,162804,4277,3040
OTP,0,20140128,162807,4277,10
OTP,0,20140128,162830,4275,935
OTP,0,20140128,162843,4275,958
OTP,0,20140128,162939,4275,732
OTP,0,20140128,162943,4273,500
OTP,0,20140128,162947,4273,500
OTP,0,20140128,162948,4273,731
OTP,0,20140128,163025,4273,642
OTP,0,20140128,163043,4272,854
OTP,0,20140128,163050,4272,300
OTP,0,20140128,163103,4272,132
OTP,0,20140128,163130,4271,1375
OTP,0,20140128,163133,4272,24
OTP,0,20140128,163144,4271,1000
OTP,0,20140128,163145,4271,921
OTP,0,20140128,163151,4271,304
OTP,0,20140128,163151,4270,196
OTP,0,20140128,163157,4270,2457
OTP,0,20140128,163206,4269,20
OTP,0,20140128,163206,4270,1000
OTP,0,20140128,163222,4269,269
OTP,0,20140128,163228,4266,959
OTP,0,20140128,163314,4268,5804
OTP,0,20140128,163315,4266,1013
OTP,0,20140128,163318,4268,33
OTP,0,20140128,163332,4268,1000
OTP,0,20140128,163336,4268,1000
OTP,0,20140128,163347,4267,200
OTP,0,20140128,163350,4267,300
OTP,0,20140128,163350,4268,1700
OTP,0,20140128,163350,4266,200
OTP,0,20140128,163351,4267,808
OTP,0,20140128,163351,4268,98
OTP,0,20140128,163352,4268,300
OTP,0,20140128,163357,4268,1067
OTP,0,20140128,163357,4268,778
OTP,0,20140128,163357,4268,155
OTP,0,20140128,163359,4268,500
OTP,0,20140128,163404,4268,1000
OTP,0,20140128,163405,4266,958
OTP,0,20140128,163410,4268,2000
OTP,0,20140128,163416,4268,1443
OTP,0,20140128,163416,4268,57
OTP,0,20140128,163417,4267,500
OTP,0,20140128,163422,4267,746
OTP,0,20140128,163429,4268,1020
OTP,0,20140128,163430,4268,493
OTP,0,20140128,163436,4269,2500
OTP,0,20140128,163437,4269,452
OTP,0,20140128,163437,4269,302
OTP,0,20140128,163445,4272,3294
OTP,0,20140128,163445,4273,374
OTP,0,20140128,163448,4272,391
OTP,0,20140128,163448,4273,596
OTP,0,20140128,163450,4272,391
OTP,0,20140128,163453,4272,2403
OTP,0,20140128,163453,4272,97
OTP,0,20140128,163457,4272,166
OTP,0,20140128,163459,4272,298
OTP,0,20140128,163506,4272,263
OTP,0,20140128,163506,4273,388
OTP,0,20140128,163544,4278,2000
OTP,0,20140128,163552,4278,1172
OTP,0,20140128,163552,4278,263
OTP,0,20140128,163553,4278,295
OTP,0,20140128,163554,4280,475
OTP,0,20140128,163554,4280,695
OTP,0,20140128,163559,4280,1988
OTP,0,20140128,163601,4278,164
OTP,0,20140128,163604,4280,509
OTP,0,20140128,163618,4288,200
OTP,0,20140128,163629,4278,200
OTP,0,20140128,163641,4284,50
OTP,0,20140128,163805,4277,2872
OTP,0,20140128,163812,4277,24
OTP,0,20140128,163844,4277,1000
OTP,0,20140128,163915,4277,2030
OTP,0,20140128,163939,4276,1761
OTP,0,20140128,163939,4275,1700
OTP,0,20140128,163939,4273,1750
OTP,0,20140128,163939,4272,2789
OTP,0,20140128,163955,4279,4
OTP,0,20140128,164034,4277,120
OTP,0,20140128,164118,4274,500
OTP,0,20140128,164125,4274,1834
OTP,0,20140128,164126,4274,196
OTP,0,20140128,164140,4274,1404
OTP,0,20140128,164141,4274,596
OTP,0,20140128,164154,4274,1078
OTP,0,20140128,164224,4277,2000
OTP,0,20140128,164241,4276,2231
OTP,0,20140128,164241,4276,269
OTP,0,20140128,164315,4276,500
OTP,0,20140128,164315,4277,1025
OTP,0,20140128,164319,4276,829
OTP,0,20140128,164319,4277,1318
OTP,0,20140128,164334,4277,1317
OTP,0,20140128,164348,4277,496
OTP,0,20140128,164349,4277,1628
OTP,0,20140128,164350,4278,1191
OTP,0,20140128,164353,4278,1500
OTP,0,20140128,164409,4277,455
OTP,0,20140128,164412,4279,1650
OTP,0,20140128,164412,4279,1373
OTP,0,20140128,164423,4277,839
OTP,0,20140128,164445,4273,120
OTP,0,20140128,164508,4277,1000
OTP,0,20140128,164510,4273,356
OTP,0,20140128,164548,4277,1500
OTP,0,20140128,164625,4277,29
OTP,0,20140128,164626,4275,163
OTP,0,20140128,164627,4275,58
OTP,0,20140128,164627,4275,15
OTP,0,20140128,164629,4274,345
OTP,0,20140128,164631,4275,264
OTP,0,20140128,164635,4275,352
OTP,0,20140128,164712,4279,25
OTP,0,20140128,164713,4274,155
OTP,0,20140128,164746,4273,345
OTP,0,20140128,164751,4273,23
OTP,0,20140128,164811,4274,30
OTP,0,20140128,164811,4273,470
OTP,0,20140128,164832,4273,500
OTP,0,20140128,164834,4273,352
OTP,0,20140128,164840,4273,500
OTP,0,20140128,164842,4273,352
OTP,0,20140128,164934,4273,272
OTP,0,20140128,164934,4272,228
OTP,0,20140128,164949,4272,183
OTP,0,20140128,164949,4271,317
OTP,0,20140128,164950,4271,352
OTP,0,20140128,164952,4271,200
OTP,0,20140128,164956,4271,531
OTP,0,20140128,164959,4270,353
OTP,0,20140128,165001,4270,500
OTP,0,20140128,165003,4270,600
OTP,0,20140128,165008,4270,2874
OTP,0,20140128,165012,4268,120
OTP,0,20140128,165019,4267,51
OTP,0,20140128,165057,4265,130
OTP,0,20140128,165102,4265,265
OTP,0,20140128,165106,4265,900
OTP,0,20140128,165106,4261,550
OTP,0,20140128,165108,4265,3580
OTP,0,20140128,165122,4265,203
OTP,0,20140128,165127,4265,297
OTP,0,20140128,165127,4267,373
OTP,0,20140128,165130,4267,16
OTP,0,20140128,165132,4267,1250
OTP,0,20140128,165133,4267,44
OTP,0,20140128,165143,4267,1940
OTP,0,20140128,165146,4267,44
OTP,0,20140128,165147,4262,211
OTP,0,20140128,165215,4265,100
OTP,0,20140128,165227,4265,1340
OTP,0,20140128,165228,4267,941
OTP,0,20140128,165259,4269,20
OTP,0,20140128,165301,4269,326
OTP,0,20140128,165327,4268,144
OTP,0,20140128,165328,4268,100
OTP,0,20140128,165329,4268,15
OTP,0,20140128,165332,4267,3164
OTP,0,20140128,165350,4267,200
OTP,0,20140128,165402,4268,1251
OTP,0,20140128,165406,4268,16
OTP,0,20140128,165409,4268,400
OTP,0,20140128,165411,4268,317
OTP,0,20140128,165416,4269,154
OTP,0,20140128,165420,4270,598
OTP,0,20140128,165428,4270,1620
OTP,0,20140128,165428,4270,1052
OTP,0,20140128,165429,4270,2057
OTP,0,20140128,165451,4275,15
OTP,0,20140128,165452,4270,500
OTP,0,20140128,165505,4275,20
OTP,0,20140128,165505,4270,500
OTP,0,20140128,165508,4270,675
OTP,0,20140128,165512,4275,25
OTP,0,20140128,165513,4270,60
OTP,0,20140128,165513,4270,80
OTP,0,20140128,165513,4275,100
OTP,0,20140128,165514,4270,200
OTP,0,20140128,165514,4270,5
OTP,0,20140128,165516,4275,399
OTP,0,20140128,165526,4270,500
OTP,0,20140128,165528,4274,2000
OTP,0,20140128,165536,4274,506
OTP,0,20140128,165540,4274,500
OTP,0,20140128,165544,4275,4
OTP,0,20140128,165634,4275,2434
OTP,0,20140128,165643,4275,554
OTP,0,20140128,165643,4275,133
OTP,0,20140128,165715,4272,770
OTP,0,20140128,165715,4271,230
OTP,0,20140128,165715,4271,1476
OTP,0,20140128,165715,4270,524
OTP,0,20140128,165721,4270,500
OTP,0,20140128,165743,4270,500
OTP,0,20140128,165743,4270,339
OTP,0,20140128,165801,4270,100
OTP,0,20140128,165802,4270,251
OTP,0,20140128,165805,4270,160
OTP,0,20140128,165821,4269,40
OTP,0,20140128,165832,4269,700
OTP,0,20140128,165832,4267,9
OTP,0,20140128,165833,4267,1
OTP,0,20140128,165834,4266,180
OTP,0,20140128,165835,4266,20
OTP,0,20140128,165836,4265,149
OTP,0,20140128,165839,4265,198
OTP,0,20140128,165843,4270,300
OTP,0,20140128,165843,4270,800
OTP,0,20140128,165856,4269,320
OTP,0,20140128,165859,4265,364
OTP,0,20140128,165900,4269,180
OTP,0,20140128,165900,4270,890
OTP,0,20140128,165903,4270,10
OTP,0,20140128,165919,4265,1000
OTP,0,20140128,165937,4269,162
OTP,0,20140128,165941,4265,509
OTP,0,20140128,165941,4264,200
OTP,0,20140128,165941,4263,6502
OTP,0,20140128,165950,4269,100
OTP,0,20140128,165950,4265,6
OTP,0,20140128,165950,4263,232
OTP,0,20140128,165955,4269,18
OTP,0,20140128,170513,4260,72055
