<TICKER>,<PER>,<DTYYYYMMDD>,<TIME>,<CLOSE>,<VOLUME>
OTP,0,20140131,090004,4220,37297
OTP,0,20140131,090242,4220,1000
OTP,0,20140131,090248,4220,1000
OTP,0,20140131,090252,4220,50
OTP,0,20140131,090255,4220,715
OTP,0,20140131,090301,4220,285
OTP,0,20140131,090301,4215,311
OTP,0,20140131,090301,4215,2686
OTP,0,20140131,090327,4224,1
OTP,0,20140131,090334,4220,1000
OTP,0,20140131,090342,4224,100
OTP,0,20140131,090346,4220,66
OTP,0,20140131,090354,4214,63
OTP,0,20140131,090354,4213,237
OTP,0,20140131,090357,4220,4000
OTP,0,20140131,090409,4220,75
OTP,0,20140131,090411,4213,773
OTP,0,20140131,090411,4210,227
OTP,0,20140131,090412,4215,200
OTP,0,20140131,090414,4210,1979
OTP,0,20140131,090414,4210,326
OTP,0,20140131,090415,4205,27
OTP,0,20140131,090415,4205,573
OTP,0,20140131,090416,4200,1979
OTP,0,20140131,090417,4200,7027
OTP,0,20140131,090419,4199,100
OTP,0,20140131,090420,4195,1610
OTP,0,20140131,090421,4219,50
OTP,0,20140131,090422,4194,10
OTP,0,20140131,090422,4191,300
OTP,0,20140131,090423,4200,330
OTP,0,20140131,090423,4200,330
OTP,0,20140131,090424,4200,340
OTP,0,20140131,090426,4190,1744
OTP,0,20140131,090428,4188,30
OTP,0,20140131,090429,4187,150
OTP,0,20140131,090430,4185,86
OTP,0,20140131,090433,4191,200
OTP,0,20140131,090433,4184,20
OTP,0,20140131,090434,4184,80
OTP,0,20140131,090435,4182,100
OTP,0,20140131,090436,4181,22
OTP,0,20140131,090437,4181,11
OTP,0,20140131,090444,4210,488
OTP,0,20140131,090506,4200,1000
OTP,0,20140131,090507,4200,1823
OTP,0,20140131,090516,4200,1000
OTP,0,20140131,090522,4200,1000
OTP,0,20140131,090535,4200,40
OTP,0,20140131,090538,4200,1000
OTP,0,20140131,090540,4200,1000
OTP,0,20140131,090541,4200,1000
OTP,0,20140131,090541,4200,960
OTP,0,20140131,090543,4200,40
OTP,0,20140131,090548,4199,10
OTP,0,20140131,090550,4200,20
OTP,0,20140131,090558,4200,60
OTP,0,20140131,090622,4204,100
OTP,0,20140131,090643,4209,51
OTP,0,20140131,090644,4210,50
OTP,0,20140131,090644,4210,592
OTP,0,20140131,090714,4214,706
OTP,0,20140131,090720,4215,3000
OTP,0,20140131,090723,4215,1698
OTP,0,20140131,090743,4217,40
OTP,0,20140131,090743,4218,100
OTP,0,20140131,090743,4219,400
OTP,0,20140131,090743,4220,1225
OTP,0,20140131,090743,4222,116
OTP,0,20140131,090759,4216,24
OTP,0,20140131,090759,4214,169
OTP,0,20140131,090812,4214,40
OTP,0,20140131,090820,4214,500
OTP,0,20140131,090823,4214,1078
OTP,0,20140131,090838,4211,2822
OTP,0,20140131,090841,4211,189
OTP,0,20140131,090846,4210,413
OTP,0,20140131,090858,4211,500
OTP,0,20140131,090902,4211,341
OTP,0,20140131,090903,4214,50
OTP,0,20140131,090944,4209,276
OTP,0,20140131,091004,4203,5
OTP,0,20140131,091007,4203,1095
OTP,0,20140131,091007,4202,905
OTP,0,20140131,091009,4202,30
OTP,0,20140131,091023,4202,50
OTP,0,20140131,091042,4207,120
OTP,0,20140131,091101,4207,213
OTP,0,20140131,091101,4208,787
OTP,0,20140131,091107,4208,1163
OTP,0,20140131,091108,4209,1000
OTP,0,20140131,091113,4209,1000
OTP,0,20140131,091115,4209,500
OTP,0,20140131,091115,4210,500
OTP,0,20140131,091116,4210,500
OTP,0,20140131,091116,4214,60
OTP,0,20140131,091141,4215,1
OTP,0,20140131,091143,4215,100
OTP,0,20140131,091201,4218,80
OTP,0,20140131,091201,4219,5000
OTP,0,20140131,091201,4220,4920
OTP,0,20140131,091203,4220,2579
OTP,0,20140131,091204,4220,230
OTP,0,20140131,091204,4220,232
OTP,0,20140131,091206,4222,384
OTP,0,20140131,091212,4221,2000
OTP,0,20140131,091212,4220,3959
OTP,0,20140131,091215,4220,1000
OTP,0,20140131,091217,4220,3041
OTP,0,20140131,091230,4222,811
OTP,0,20140131,091231,4222,1638
OTP,0,20140131,091243,4223,29
OTP,0,20140131,091250,4223,1
OTP,0,20140131,091250,4224,24
OTP,0,20140131,091308,4224,121
OTP,0,20140131,091308,4225,680
OTP,0,20140131,091308,4229,2024
OTP,0,20140131,091310,4230,1196
OTP,0,20140131,091311,4230,500
OTP,0,20140131,091337,4230,1836
OTP,0,20140131,091356,4232,10
OTP,0,20140131,091356,4235,2880
OTP,0,20140131,091405,4234,1000
OTP,0,20140131,091406,4238,50
OTP,0,20140131,091413,4238,24
OTP,0,20140131,091415,4232,100
OTP,0,20140131,091448,4235,600
OTP,0,20140131,091456,4235,2272
OTP,0,20140131,091500,4234,500
OTP,0,20140131,091502,4235,2000
OTP,0,20140131,091503,4235,50
OTP,0,20140131,091504,4234,780
OTP,0,20140131,091505,4235,200
OTP,0,20140131,091506,4234,200
OTP,0,20140131,091508,4234,653
OTP,0,20140131,091523,4228,1016
OTP,0,20140131,091526,4228,500
OTP,0,20140131,091527,4228,500
OTP,0,20140131,091528,4228,300
OTP,0,20140131,091539,4228,300
OTP,0,20140131,091551,4220,23
OTP,0,20140131,091551,4227,60
OTP,0,20140131,091621,4225,33
OTP,0,20140131,091625,4225,367
OTP,0,20140131,091629,4227,634
OTP,0,20140131,091633,4220,268
OTP,0,20140131,091633,4220,32
OTP,0,20140131,091639,4227,600
OTP,0,20140131,091702,4222,20
OTP,0,20140131,091702,4224,480
OTP,0,20140131,091702,4224,330
OTP,0,20140131,091703,4225,170
OTP,0,20140131,091704,4222,50
OTP,0,20140131,091704,4221,1482
OTP,0,20140131,091728,4225,184
OTP,0,20140131,091728,4226,316
OTP,0,20140131,091728,4226,446
OTP,0,20140131,091728,4227,54
OTP,0,20140131,091729,4227,500
OTP,0,20140131,091729,4227,83
OTP,0,20140131,091729,4228,236
OTP,0,20140131,091729,4230,181
OTP,0,20140131,091819,4230,369
OTP,0,20140131,091819,4234,1257
OTP,0,20140131,091819,4237,374
OTP,0,20140131,091835,4230,100
OTP,0,20140131,091836,4230,400
OTP,0,20140131,091859,4236,882
OTP,0,20140131,091859,4237,1118
OTP,0,20140131,091911,4235,978
OTP,0,20140131,091919,4236,20
OTP,0,20140131,091929,4236,2290
OTP,0,20140131,091938,4235,400
OTP,0,20140131,091941,4235,72
OTP,0,20140131,092008,4232,50
OTP,0,20140131,092008,4231,2503
OTP,0,20140131,092011,4230,446
OTP,0,20140131,092022,4230,500
OTP,0,20140131,092022,4230,500
OTP,0,20140131,092024,4229,300
OTP,0,20140131,092024,4230,200
OTP,0,20140131,092027,4226,150
OTP,0,20140131,092051,4222,100
OTP,0,20140131,092051,4220,172
OTP,0,20140131,092105,4225,50
OTP,0,20140131,092105,4226,528
OTP,0,20140131,092141,4220,250
OTP,0,20140131,092203,4220,1200
OTP,0,20140131,092210,4220,100
OTP,0,20140131,092229,4221,50
OTP,0,20140131,092303,4224,10
OTP,0,20140131,092311,4224,1
OTP,0,20140131,092314,4223,50
OTP,0,20140131,092318,4223,1
OTP,0,20140131,092318,4222,443
OTP,0,20140131,092320,4221,2371
OTP,0,20140131,092322,4222,557
OTP,0,20140131,092322,4223,257
OTP,0,20140131,092332,4221,272
OTP,0,20140131,092332,4223,60
OTP,0,20140131,092340,4223,1000
OTP,0,20140131,092340,4223,1000
OTP,0,20140131,092340,4223,378
OTP,0,20140131,092341,4223,554
OTP,0,20140131,092537,4225,200
OTP,0,20140131,092621,4225,36
OTP,0,20140131,092622,4225,37
OTP,0,20140131,092626,4229,23
OTP,0,20140131,092637,4226,70
OTP,0,20140131,092725,4229,1000
OTP,0,20140131,092725,4229,555
OTP,0,20140131,092725,4230,445
OTP,0,20140131,092725,4230,154
OTP,0,20140131,092728,4238,266
OTP,0,20140131,092733,4239,210
OTP,0,20140131,092733,4240,2020
OTP,0,20140131,092735,4238,200
OTP,0,20140131,092742,4238,70
OTP,0,20140131,092759,4243,18
OTP,0,20140131,092759,4244,160
OTP,0,20140131,092759,4245,822
OTP,0,20140131,092759,4245,1976
OTP,0,20140131,092801,4245,4525
OTP,0,20140131,092802,4245,210
OTP,0,20140131,092811,4246,155
OTP,0,20140131,092811,4248,1588
OTP,0,20140131,092816,4245,769
OTP,0,20140131,092848,4244,78
OTP,0,20140131,092848,4245,421
OTP,0,20140131,092848,4248,1
OTP,0,20140131,092902,4243,2000
OTP,0,20140131,092905,4243,10
OTP,0,20140131,092907,4243,50
OTP,0,20140131,092910,4243,100
OTP,0,20140131,092910,4243,20
OTP,0,20140131,092911,4243,154
OTP,0,20140131,092917,4243,500
OTP,0,20140131,092918,4243,500
OTP,0,20140131,092940,4237,600
OTP,0,20140131,092946,4237,396
OTP,0,20140131,092954,4230,50
OTP,0,20140131,093005,4237,50
OTP,0,20140131,093005,4238,130
OTP,0,20140131,093028,4235,50
OTP,0,20140131,093111,4234,1000
OTP,0,20140131,093111,4234,745
OTP,0,20140131,093116,4235,150
OTP,0,20140131,093122,4238,200
OTP,0,20140131,093139,4238,70
OTP,0,20140131,093139,4239,280
OTP,0,20140131,093150,4239,150
OTP,0,20140131,093150,4240,1422
OTP,0,20140131,093225,4239,25
OTP,0,20140131,093237,4239,522
OTP,0,20140131,093248,4237,220
OTP,0,20140131,093306,4233,50
OTP,0,20140131,093313,4233,1000
OTP,0,20140131,093327,4233,500
OTP,0,20140131,093338,4233,35
OTP,0,20140131,093338,4231,50
OTP,0,20140131,093338,4230,1950
OTP,0,20140131,093350,4230,100
OTP,0,20140131,093418,4230,366
OTP,0,20140131,093422,4230,10
OTP,0,20140131,093438,4227,925
OTP,0,20140131,093438,4225,75
OTP,0,20140131,093442,4229,230
OTP,0,20140131,093504,4226,35
OTP,0,20140131,093504,4225,85
OTP,0,20140131,093517,4225,1600
OTP,0,20140131,093519,4225,74
OTP,0,20140131,093602,4222,500
OTP,0,20140131,093614,4223,2496
OTP,0,20140131,093619,4223,4
OTP,0,20140131,093619,4222,122
OTP,0,20140131,093622,4222,22
OTP,0,20140131,093625,4222,60
OTP,0,20140131,093627,4227,20
OTP,0,20140131,093627,4235,30
OTP,0,20140131,093739,4225,200
OTP,0,20140131,093739,4223,300
OTP,0,20140131,093739,4222,323
OTP,0,20140131,093739,4221,545
OTP,0,20140131,093739,4220,1305
OTP,0,20140131,093749,4220,500
OTP,0,20140131,093902,4223,100
OTP,0,20140131,093921,4223,40
OTP,0,20140131,093939,4228,450
OTP,0,20140131,094207,4228,3
OTP,0,20140131,094207,4230,64
OTP,0,20140131,094211,4230,586
OTP,0,20140131,094219,4226,125
OTP,0,20140131,094326,4230,50
OTP,0,20140131,094326,4230,818
OTP,0,20140131,094340,4230,200
OTP,0,20140131,094343,4230,200
OTP,0,20140131,094357,4234,2343
OTP,0,20140131,094357,4234,525
OTP,0,20140131,094406,4234,60
OTP,0,20140131,094420,4231,700
OTP,0,20140131,094420,4230,5339
OTP,0,20140131,094421,4230,1406
OTP,0,20140131,094444,4230,71
OTP,0,20140131,094506,4229,100
OTP,0,20140131,094509,4229,124
OTP,0,20140131,094514,4230,200
OTP,0,20140131,094517,4230,70
OTP,0,20140131,094527,4230,100
OTP,0,20140131,094532,4230,400
OTP,0,20140131,094535,4229,314
OTP,0,20140131,094540,4228,100
OTP,0,20140131,094543,4228,100
OTP,0,20140131,094600,4229,20
OTP,0,20140131,094628,4229,200
OTP,0,20140131,094632,4229,100
OTP,0,20140131,094638,4229,46
OTP,0,20140131,094702,4229,100
OTP,0,20140131,094746,4229,300
OTP,0,20140131,094746,4230,300
OTP,0,20140131,095030,4228,150
OTP,0,20140131,095037,4228,1794
OTP,0,20140131,095037,4226,3402
OTP,0,20140131,095037,4225,3019
OTP,0,20140131,095037,4225,285
OTP,0,20140131,095037,4230,1956
OTP,0,20140131,095038,4230,761
OTP,0,20140131,095116,4228,358
OTP,0,20140131,095125,4228,34
OTP,0,20140131,095142,4227,7
OTP,0,20140131,095142,4228,166
OTP,0,20140131,095142,4230,177
OTP,0,20140131,095206,4232,1976
OTP,0,20140131,095313,4238,300
OTP,0,20140131,095317,4239,280
OTP,0,20140131,095321,4240,195
OTP,0,20140131,095518,4240,500
OTP,0,20140131,095523,4240,200
OTP,0,20140131,095532,4240,24
OTP,0,20140131,095607,4237,10
OTP,0,20140131,095612,4236,400
OTP,0,20140131,095624,4240,500
OTP,0,20140131,095642,4233,639
OTP,0,20140131,095642,4231,15
OTP,0,20140131,095642,4230,6546
OTP,0,20140131,095710,4235,1765
OTP,0,20140131,095710,4237,480
OTP,0,20140131,095711,4237,1111
OTP,0,20140131,095756,4235,992
OTP,0,20140131,095756,4230,3104
OTP,0,20140131,095757,4230,904
OTP,0,20140131,095757,4238,700
OTP,0,20140131,095807,4238,771
OTP,0,20140131,095843,4231,275
OTP,0,20140131,095944,4232,247
OTP,0,20140131,100008,4235,100
OTP,0,20140131,100008,4233,1036
OTP,0,20140131,100008,4232,322
OTP,0,20140131,100008,4230,90
OTP,0,20140131,100013,4230,2525
OTP,0,20140131,100013,4230,806
OTP,0,20140131,100015,4230,897
OTP,0,20140131,100209,4236,50
OTP,0,20140131,100209,4238,339
OTP,0,20140131,100209,4239,111
OTP,0,20140131,100228,4232,93
OTP,0,20140131,100303,4239,889
OTP,0,20140131,100303,4242,1584
OTP,0,20140131,100304,4242,661
OTP,0,20140131,100307,4242,5
OTP,0,20140131,100311,4242,500
OTP,0,20140131,100357,4236,30
OTP,0,20140131,100358,4244,150
OTP,0,20140131,100359,4238,200
OTP,0,20140131,100411,4245,3000
OTP,0,20140131,100411,4245,119
OTP,0,20140131,100416,4247,100
OTP,0,20140131,100420,4247,228
OTP,0,20140131,100425,4248,1157
OTP,0,20140131,100430,4248,290
OTP,0,20140131,100435,4248,73
OTP,0,20140131,100440,4248,15
OTP,0,20140131,100456,4240,50
OTP,0,20140131,100527,4240,10
OTP,0,20140131,100535,4240,600
OTP,0,20140131,100543,4240,70
OTP,0,20140131,100550,4240,608
OTP,0,20140131,100552,4240,392
OTP,0,20140131,100552,4242,150
OTP,0,20140131,100605,4245,120
OTP,0,20140131,100608,4245,12
OTP,0,20140131,100636,4245,25
OTP,0,20140131,100649,4245,1
OTP,0,20140131,100822,4240,39
OTP,0,20140131,100822,4245,81
OTP,0,20140131,100905,4245,900
OTP,0,20140131,100948,4243,200
OTP,0,20140131,100948,4245,19
OTP,0,20140131,100948,4248,63
OTP,0,20140131,101006,4248,755
OTP,0,20140131,101006,4249,1215
OTP,0,20140131,101006,4250,1030
OTP,0,20140131,101107,4247,200
OTP,0,20140131,101107,4249,30
OTP,0,20140131,101107,4250,3670
OTP,0,20140131,101114,4250,151
OTP,0,20140131,101118,4250,455
OTP,0,20140131,101152,4250,1388
OTP,0,20140131,101200,4250,1000
OTP,0,20140131,101329,4245,178
OTP,0,20140131,101340,4245,822
OTP,0,20140131,101408,4245,500
OTP,0,20140131,101439,4248,50
OTP,0,20140131,101439,4249,25
OTP,0,20140131,101439,4250,2225
OTP,0,20140131,101448,4250,387
OTP,0,20140131,101448,4250,25
OTP,0,20140131,101536,4250,1000
OTP,0,20140131,101546,4250,780
OTP,0,20140131,101553,4250,100
OTP,0,20140131,101558,4252,29
OTP,0,20140131,101558,4250,3708
OTP,0,20140131,101601,4250,200
OTP,0,20140131,101606,4249,25
OTP,0,20140131,101625,4250,14
OTP,0,20140131,101629,4249,955
OTP,0,20140131,101657,4250,450
OTP,0,20140131,101736,4241,822
OTP,0,20140131,101736,4240,1178
OTP,0,20140131,101821,4245,1922
OTP,0,20140131,101821,4250,2839
OTP,0,20140131,101832,4250,100
OTP,0,20140131,101836,4250,139
OTP,0,20140131,101851,4248,10
OTP,0,20140131,101851,4241,150
OTP,0,20140131,101851,4240,40
OTP,0,20140131,101912,4240,200
OTP,0,20140131,102010,4241,5
OTP,0,20140131,102010,4240,91
OTP,0,20140131,102010,4234,200
OTP,0,20140131,102010,4233,100
OTP,0,20140131,102010,4232,50
OTP,0,20140131,102012,4231,54
OTP,0,20140131,102017,4231,313
OTP,0,20140131,102053,4233,76
OTP,0,20140131,102053,4233,24
OTP,0,20140131,102053,4231,453
OTP,0,20140131,102054,4231,300
OTP,0,20140131,102113,4231,180
OTP,0,20140131,102113,4230,500
OTP,0,20140131,102113,4227,1320
OTP,0,20140131,102122,4237,10
OTP,0,20140131,102133,4227,85
OTP,0,20140131,102147,4227,95
OTP,0,20140131,102204,4226,110
OTP,0,20140131,102205,4225,138
OTP,0,20140131,102205,4222,198
OTP,0,20140131,102212,4226,20
OTP,0,20140131,102313,4225,230
OTP,0,20140131,102313,4225,770
OTP,0,20140131,102314,4225,104
OTP,0,20140131,102314,4225,82
OTP,0,20140131,102314,4225,44
OTP,0,20140131,102434,4226,40
OTP,0,20140131,102435,4226,120
OTP,0,20140131,102458,4225,200
OTP,0,20140131,102606,4230,58
OTP,0,20140131,102725,4230,250
OTP,0,20140131,102746,4230,42
OTP,0,20140131,102751,4231,286
OTP,0,20140131,102837,4232,120
OTP,0,20140131,103002,4238,100
OTP,0,20140131,103002,4240,750
OTP,0,20140131,103014,4240,85
OTP,0,20140131,103033,4240,400
OTP,0,20140131,103102,4240,200
OTP,0,20140131,103157,4240,31
OTP,0,20140131,103233,4236,617
OTP,0,20140131,103233,4235,283
OTP,0,20140131,103604,4239,200
OTP,0,20140131,103608,4240,34
OTP,0,20140131,103612,4247,1473
OTP,0,20140131,103616,4247,793
OTP,0,20140131,103616,4247,141
OTP,0,20140131,103618,4247,25
OTP,0,20140131,103634,4247,255
OTP,0,20140131,103638,4248,483
OTP,0,20140131,103642,4249,1761
OTP,0,20140131,103642,4249,280
OTP,0,20140131,103855,4240,500
OTP,0,20140131,103859,4244,300
OTP,0,20140131,103903,4246,200
OTP,0,20140131,103907,4248,1900
OTP,0,20140131,103911,4249,872
OTP,0,20140131,103914,4250,1229
OTP,0,20140131,103915,4250,556
OTP,0,20140131,103916,4250,80
OTP,0,20140131,103927,4240,50
OTP,0,20140131,104028,4249,600
OTP,0,20140131,104058,4249,1632
OTP,0,20140131,104102,4250,868
OTP,0,20140131,104203,4249,25
OTP,0,20140131,104206,4250,2105
OTP,0,20140131,104213,4250,3000
OTP,0,20140131,104217,4250,1000
OTP,0,20140131,104228,4250,1000
OTP,0,20140131,104231,4250,2484
OTP,0,20140131,104330,4252,200
OTP,0,20140131,104354,4255,334
OTP,0,20140131,104354,4257,150
OTP,0,20140131,104358,4257,267
OTP,0,20140131,104409,4257,83
OTP,0,20140131,104409,4258,133
OTP,0,20140131,104409,4258,65
OTP,0,20140131,104409,4259,35
OTP,0,20140131,104450,4259,197
OTP,0,20140131,104454,4252,1000
OTP,0,20140131,104454,4251,2463
OTP,0,20140131,104454,4250,1197
OTP,0,20140131,104455,4258,500
OTP,0,20140131,104455,4259,529
OTP,0,20140131,104513,4258,100
OTP,0,20140131,104513,4259,254
OTP,0,20140131,104513,4260,1444
OTP,0,20140131,104634,4256,233
OTP,0,20140131,104637,4255,200
OTP,0,20140131,104705,4259,100
OTP,0,20140131,104705,4260,922
OTP,0,20140131,104712,4255,30
OTP,0,20140131,104730,4260,200
OTP,0,20140131,104831,4257,100
OTP,0,20140131,104840,4258,50
OTP,0,20140131,104841,4260,351
OTP,0,20140131,104847,4257,20
OTP,0,20140131,104911,4260,829
OTP,0,20140131,104911,4262,20
OTP,0,20140131,104911,4263,145
OTP,0,20140131,104929,4263,155
OTP,0,20140131,104929,4264,25
OTP,0,20140131,104929,4265,20
OTP,0,20140131,104929,4265,1300
OTP,0,20140131,104939,4265,363
OTP,0,20140131,105029,4258,400
OTP,0,20140131,105041,4258,1417
OTP,0,20140131,105041,4257,975
OTP,0,20140131,105041,4252,1000
OTP,0,20140131,105041,4250,2419
OTP,0,20140131,105237,4242,40
OTP,0,20140131,105410,4245,200
OTP,0,20140131,105419,4245,17
OTP,0,20140131,105421,4245,20
OTP,0,20140131,105456,4242,1000
OTP,0,20140131,105526,4242,935
OTP,0,20140131,105526,4240,65
OTP,0,20140131,105542,4245,20
OTP,0,20140131,105639,4240,1000
OTP,0,20140131,105653,4240,200
OTP,0,20140131,105701,4240,100
OTP,0,20140131,105722,4240,85
OTP,0,20140131,105722,4239,15
OTP,0,20140131,105741,4239,96
OTP,0,20140131,105757,4244,2589
OTP,0,20140131,110019,4237,1700
OTP,0,20140131,110111,4239,12
OTP,0,20140131,110111,4240,12
OTP,0,20140131,110140,4237,243
OTP,0,20140131,110147,4240,5
OTP,0,20140131,110339,4240,4577
OTP,0,20140131,110349,4243,200
OTP,0,20140131,110413,4240,60
OTP,0,20140131,110529,4248,4
OTP,0,20140131,111043,4246,500
OTP,0,20140131,111043,4248,496
OTP,0,20140131,111129,4242,150
OTP,0,20140131,111157,4248,500
OTP,0,20140131,111157,4249,2452
OTP,0,20140131,111157,4250,2048
OTP,0,20140131,111334,4244,2667
OTP,0,20140131,111334,4243,196
OTP,0,20140131,111455,4241,1387
OTP,0,20140131,111455,4240,3344
OTP,0,20140131,111705,4240,60
OTP,0,20140131,111707,4240,100
OTP,0,20140131,111719,4240,740
OTP,0,20140131,111722,4240,3000
OTP,0,20140131,111726,4240,709
OTP,0,20140131,111734,4240,354
OTP,0,20140131,111735,4240,150
OTP,0,20140131,111802,4242,30
OTP,0,20140131,111925,4242,300
OTP,0,20140131,111935,4240,1657
OTP,0,20140131,111953,4242,9
OTP,0,20140131,112055,4238,391
OTP,0,20140131,112119,4236,1700
OTP,0,20140131,112119,4235,1737
OTP,0,20140131,112119,4231,500
OTP,0,20140131,112119,4230,8370
OTP,0,20140131,112120,4230,1340
OTP,0,20140131,112144,4226,200
OTP,0,20140131,112156,4230,1000
OTP,0,20140131,112156,4226,400
OTP,0,20140131,112203,4230,94
OTP,0,20140131,112226,4226,50
OTP,0,20140131,112301,4228,100
OTP,0,20140131,112306,4230,480
OTP,0,20140131,112307,4230,500
OTP,0,20140131,112315,4230,1075
OTP,0,20140131,112317,4229,300
OTP,0,20140131,112317,4226,550
OTP,0,20140131,112317,4225,15
OTP,0,20140131,112317,4224,15
OTP,0,20140131,112317,4223,200
OTP,0,20140131,112317,4222,40
OTP,0,20140131,112317,4220,1021
OTP,0,20140131,112324,4230,500
OTP,0,20140131,112349,4230,441
OTP,0,20140131,112349,4240,19
OTP,0,20140131,112508,4231,1311
OTP,0,20140131,112521,4231,1174
OTP,0,20140131,112613,4231,71
OTP,0,20140131,112613,4230,29
OTP,0,20140131,112645,4231,1174
OTP,0,20140131,112812,4232,12
OTP,0,20140131,112922,4231,461
OTP,0,20140131,112926,4230,1200
OTP,0,20140131,113210,4230,85
OTP,0,20140131,113324,4230,2078
OTP,0,20140131,113707,4230,100
OTP,0,20140131,114004,4233,10
OTP,0,20140131,114036,4234,100
OTP,0,20140131,114041,4233,500
OTP,0,20140131,114126,4232,761
OTP,0,20140131,114234,4232,300
OTP,0,20140131,114439,4232,89
OTP,0,20140131,114520,4232,35
OTP,0,20140131,114548,4237,20
OTP,0,20140131,114604,4237,480
OTP,0,20140131,114604,4238,10
OTP,0,20140131,114713,4240,5146
OTP,0,20140131,114714,4240,1311
OTP,0,20140131,114731,4240,723
OTP,0,20140131,114731,4242,29
OTP,0,20140131,114740,4243,10
OTP,0,20140131,114802,4246,112
OTP,0,20140131,114802,4247,1523
OTP,0,20140131,114832,4238,27
OTP,0,20140131,114902,4240,1385
OTP,0,20140131,114904,4245,1458
OTP,0,20140131,114904,4247,328
OTP,0,20140131,114922,4245,500
OTP,0,20140131,115217,4245,1571
OTP,0,20140131,115255,4238,400
OTP,0,20140131,115312,4244,53
OTP,0,20140131,115325,4244,6
OTP,0,20140131,115335,4244,1
OTP,0,20140131,115701,4244,2869
OTP,0,20140131,115723,4241,200
OTP,0,20140131,115723,4240,1200
OTP,0,20140131,115847,4244,900
OTP,0,20140131,115847,4238,986
OTP,0,20140131,120205,4237,500
OTP,0,20140131,120423,4237,1500
OTP,0,20140131,120608,4237,300
OTP,0,20140131,120610,4240,400
OTP,0,20140131,120619,4240,380
OTP,0,20140131,120623,4240,200
OTP,0,20140131,120647,4237,20
OTP,0,20140131,120823,4238,200
OTP,0,20140131,121524,4240,150
OTP,0,20140131,121524,4239,1589
OTP,0,20140131,121542,4240,1261
OTP,0,20140131,121649,4244,10
OTP,0,20140131,121702,4240,100
OTP,0,20140131,121709,4240,83
OTP,0,20140131,121809,4240,188
OTP,0,20140131,121838,4238,112
OTP,0,20140131,121844,4238,200
OTP,0,20140131,122052,4238,25
OTP,0,20140131,122353,4245,1000
OTP,0,20140131,122533,4240,4000
OTP,0,20140131,122534,4240,11
OTP,0,20140131,122618,4239,663
OTP,0,20140131,122626,4238,337
OTP,0,20140131,122626,4240,500
OTP,0,20140131,122626,4245,163
OTP,0,20140131,122645,4239,400
OTP,0,20140131,122705,4239,100
OTP,0,20140131,122716,4239,100
OTP,0,20140131,122735,4239,100
OTP,0,20140131,122747,4240,200
OTP,0,20140131,122754,4237,30
OTP,0,20140131,122754,4235,755
OTP,0,20140131,122754,4232,550
OTP,0,20140131,122754,4231,430
OTP,0,20140131,122754,4230,235
OTP,0,20140131,122907,4235,117
OTP,0,20140131,122910,4230,3635
OTP,0,20140131,122954,4230,1
OTP,0,20140131,122956,4235,200
OTP,0,20140131,123000,4230,1000
OTP,0,20140131,123024,4230,483
OTP,0,20140131,123033,4239,939
OTP,0,20140131,123033,4240,50
OTP,0,20140131,123137,4236,1384
OTP,0,20140131,123137,4235,200
OTP,0,20140131,123137,4232,54
OTP,0,20140131,123137,4231,427
OTP,0,20140131,123148,4239,1072
OTP,0,20140131,123202,4239,1020
OTP,0,20140131,123208,4232,3145
OTP,0,20140131,123208,4231,1407
OTP,0,20140131,123208,4230,4132
OTP,0,20140131,123215,4230,2465
OTP,0,20140131,123216,4230,709
OTP,0,20140131,123222,4231,1486
OTP,0,20140131,123222,4230,14
OTP,0,20140131,123239,4230,3000
OTP,0,20140131,123249,4230,812
OTP,0,20140131,123254,4230,4188
OTP,0,20140131,123318,4230,7986
OTP,0,20140131,123340,4230,14
OTP,0,20140131,123351,4230,4573
OTP,0,20140131,123352,4230,427
OTP,0,20140131,123410,4240,37
OTP,0,20140131,123426,4230,7087
OTP,0,20140131,123432,4230,2913
OTP,0,20140131,123514,4230,370
OTP,0,20140131,123554,4235,735
OTP,0,20140131,123605,4230,232
OTP,0,20140131,123641,4230,100
OTP,0,20140131,123737,4230,700
OTP,0,20140131,123810,4230,263
OTP,0,20140131,123829,4230,100
OTP,0,20140131,123840,4230,1000
OTP,0,20140131,123902,4230,1000
OTP,0,20140131,123912,4230,1451
OTP,0,20140131,123922,4230,23
OTP,0,20140131,123924,4230,150
OTP,0,20140131,123933,4230,1000
OTP,0,20140131,123946,4230,500
OTP,0,20140131,124001,4231,1000
OTP,0,20140131,124015,4231,240
OTP,0,20140131,124056,4231,71
OTP,0,20140131,124056,4230,819
OTP,0,20140131,124101,4230,585
OTP,0,20140131,124108,4230,35
OTP,0,20140131,124111,4230,2000
OTP,0,20140131,124154,4230,1000
OTP,0,20140131,124202,4232,30
OTP,0,20140131,124210,4230,1000
OTP,0,20140131,124232,4230,50
OTP,0,20140131,124241,4230,30
OTP,0,20140131,124325,4230,2000
OTP,0,20140131,124345,4230,1000
OTP,0,20140131,124346,4230,200
OTP,0,20140131,124352,4230,100
OTP,0,20140131,124404,4230,100
OTP,0,20140131,124433,4230,470
OTP,0,20140131,124445,4230,50
OTP,0,20140131,124606,4237,5
OTP,0,20140131,124606,4238,115
OTP,0,20140131,124615,4236,100
OTP,0,20140131,124808,4231,100
OTP,0,20140131,124913,4231,250
OTP,0,20140131,124939,4231,518
OTP,0,20140131,125019,4231,728
OTP,0,20140131,125019,4230,3572
OTP,0,20140131,125026,4233,2000
OTP,0,20140131,125026,4234,1406
OTP,0,20140131,125044,4234,1307
OTP,0,20140131,125111,4234,1000
OTP,0,20140131,125132,4235,177
OTP,0,20140131,125147,4234,25
OTP,0,20140131,125231,4234,166
OTP,0,20140131,125231,4232,440
OTP,0,20140131,125303,4230,200
OTP,0,20140131,125431,4230,100
OTP,0,20140131,125601,4230,1000
OTP,0,20140131,125614,4230,2000
OTP,0,20140131,125614,4232,394
OTP,0,20140131,125615,4230,2662
OTP,0,20140131,125616,4235,2442
OTP,0,20140131,125623,4232,10
OTP,0,20140131,125654,4232,1000
OTP,0,20140131,125655,4232,327
OTP,0,20140131,125656,4230,808
OTP,0,20140131,125708,4230,576
OTP,0,20140131,125714,4229,320
OTP,0,20140131,125718,4229,1866
OTP,0,20140131,125725,4228,200
OTP,0,20140131,125729,4227,330
OTP,0,20140131,125734,4225,295
OTP,0,20140131,125734,4224,205
OTP,0,20140131,125734,4224,355
OTP,0,20140131,125734,4220,1645
OTP,0,20140131,125737,4220,2746
OTP,0,20140131,125752,4220,5000
OTP,0,20140131,125752,4227,330
OTP,0,20140131,125753,4229,1500
OTP,0,20140131,125803,4228,3
OTP,0,20140131,125803,4228,797
OTP,0,20140131,125805,4221,70
OTP,0,20140131,125846,4222,500
OTP,0,20140131,125847,4222,482
OTP,0,20140131,125854,4222,591
OTP,0,20140131,125854,4221,308
OTP,0,20140131,125854,4220,3106
OTP,0,20140131,125855,4222,1441
OTP,0,20140131,125856,4220,1014
OTP,0,20140131,125856,4225,1890
OTP,0,20140131,125905,4221,1311
OTP,0,20140131,125905,4220,1511
OTP,0,20140131,125910,4219,295
OTP,0,20140131,125911,4217,330
OTP,0,20140131,125911,4216,184
OTP,0,20140131,125911,4215,16
OTP,0,20140131,125913,4217,907
OTP,0,20140131,125917,4215,395
OTP,0,20140131,125948,4215,219
OTP,0,20140131,125958,4213,500
OTP,0,20140131,130023,4213,400
OTP,0,20140131,130023,4212,24
OTP,0,20140131,130023,4211,875
OTP,0,20140131,130023,4210,594
OTP,0,20140131,130023,4209,197
OTP,0,20140131,130023,4209,70
OTP,0,20140131,130033,4208,500
OTP,0,20140131,130033,4207,1500
OTP,0,20140131,130036,4208,1370
OTP,0,20140131,130041,4207,2178
OTP,0,20140131,130123,4207,10
OTP,0,20140131,130126,4207,587
OTP,0,20140131,130126,4206,430
OTP,0,20140131,130126,4205,1733
OTP,0,20140131,130126,4204,285
OTP,0,20140131,130126,4203,630
OTP,0,20140131,130126,4202,2100
OTP,0,20140131,130126,4201,1600
OTP,0,20140131,130126,4200,1018
OTP,0,20140131,130126,4200,40
OTP,0,20140131,130126,4200,20
OTP,0,20140131,130126,4200,990
OTP,0,20140131,130126,4208,630
OTP,0,20140131,130127,4210,507
OTP,0,20140131,130127,4215,1441
OTP,0,20140131,130127,4215,403
OTP,0,20140131,130128,4215,387
OTP,0,20140131,130128,4215,350
OTP,0,20140131,130159,4203,300
OTP,0,20140131,130207,4204,1000
OTP,0,20140131,130212,4205,1011
OTP,0,20140131,130212,4206,1000
OTP,0,20140131,130214,4206,362
OTP,0,20140131,130219,4205,350
OTP,0,20140131,130244,4200,499
OTP,0,20140131,130244,4200,200
OTP,0,20140131,130244,4200,30
OTP,0,20140131,130248,4200,3000
OTP,0,20140131,130250,4200,5000
OTP,0,20140131,130251,4200,6927
OTP,0,20140131,130325,4198,600
OTP,0,20140131,130325,4195,400
OTP,0,20140131,130330,4198,119
OTP,0,20140131,130403,4198,380
OTP,0,20140131,130407,4198,943
OTP,0,20140131,130413,4195,466
OTP,0,20140131,130429,4195,25
OTP,0,20140131,130431,4197,10
OTP,0,20140131,130434,4195,1121
OTP,0,20140131,130438,4192,25
OTP,0,20140131,130442,4195,500
OTP,0,20140131,130442,4195,39
OTP,0,20140131,130442,4197,1990
OTP,0,20140131,130500,4199,3425
OTP,0,20140131,130500,4200,6575
OTP,0,20140131,130501,4200,2500
OTP,0,20140131,130502,4200,904
OTP,0,20140131,130506,4200,800
OTP,0,20140131,130508,4200,100
OTP,0,20140131,130511,4200,3121
OTP,0,20140131,130547,4210,44
OTP,0,20140131,130550,4210,1000
OTP,0,20140131,130551,4210,456
OTP,0,20140131,130603,4210,2000
OTP,0,20140131,130644,4205,100
OTP,0,20140131,130745,4213,250
OTP,0,20140131,130855,4213,50
OTP,0,20140131,130855,4215,250
OTP,0,20140131,130914,4212,200
OTP,0,20140131,131001,4215,150
OTP,0,20140131,131247,4208,25
OTP,0,20140131,131304,4215,100
OTP,0,20140131,131304,4218,206
OTP,0,20140131,131304,4219,394
OTP,0,20140131,131304,4219,106
OTP,0,20140131,131304,4220,74
OTP,0,20140131,131423,4216,26
OTP,0,20140131,131734,4209,150
OTP,0,20140131,131924,4215,140
OTP,0,20140131,132052,4210,25
OTP,0,20140131,132052,4209,275
OTP,0,20140131,132210,4215,334
OTP,0,20140131,132318,4219,2663
OTP,0,20140131,132318,4220,342
OTP,0,20140131,132324,4219,100
OTP,0,20140131,132327,4215,25
OTP,0,20140131,132510,4219,450
OTP,0,20140131,132513,4219,100
OTP,0,20140131,132611,4219,142
OTP,0,20140131,132611,4220,1858
OTP,0,20140131,132650,4220,45
OTP,0,20140131,132718,4220,500
OTP,0,20140131,132722,4220,200
OTP,0,20140131,132747,4220,500
OTP,0,20140131,132822,4220,100
OTP,0,20140131,132933,4220,1000
OTP,0,20140131,132957,4220,1000
OTP,0,20140131,133002,4220,741
OTP,0,20140131,133004,4220,200
OTP,0,20140131,133018,4220,50
OTP,0,20140131,133116,4216,1045
OTP,0,20140131,133116,4210,131
OTP,0,20140131,133148,4208,660
OTP,0,20140131,133148,4207,2000
OTP,0,20140131,133209,4203,150
OTP,0,20140131,133209,4201,3020
OTP,0,20140131,133209,4200,620
OTP,0,20140131,133306,4209,500
OTP,0,20140131,133306,4210,226
OTP,0,20140131,133409,4209,50
OTP,0,20140131,133633,4209,550
OTP,0,20140131,133633,4210,876
OTP,0,20140131,133754,4210,24
OTP,0,20140131,133939,4210,1
OTP,0,20140131,134129,4205,450
OTP,0,20140131,134223,4210,1600
OTP,0,20140131,134313,4209,655
OTP,0,20140131,134313,4210,678
OTP,0,20140131,134605,4205,35
OTP,0,20140131,134707,4206,90
OTP,0,20140131,134725,4210,800
OTP,0,20140131,134808,4210,2000
OTP,0,20140131,134956,4210,1160
OTP,0,20140131,135123,4205,2060
OTP,0,20140131,135147,4205,200
OTP,0,20140131,135208,4210,6259
OTP,0,20140131,135215,4210,894
OTP,0,20140131,135217,4210,996
OTP,0,20140131,135347,4210,500
OTP,0,20140131,135800,4210,265
OTP,0,20140131,135849,4210,239
OTP,0,20140131,135853,4211,35
OTP,0,20140131,135918,4218,458
OTP,0,20140131,135918,4219,500
OTP,0,20140131,135918,4220,530
OTP,0,20140131,140118,4218,50
OTP,0,20140131,140329,4213,800
OTP,0,20140131,140346,4215,585
OTP,0,20140131,140438,4217,500
OTP,0,20140131,140438,4218,1070
OTP,0,20140131,140530,4217,518
OTP,0,20140131,140534,4217,1145
OTP,0,20140131,140601,4215,1000
OTP,0,20140131,140735,4215,600
OTP,0,20140131,140740,4215,500
OTP,0,20140131,140756,4217,7
OTP,0,20140131,140908,4217,100
OTP,0,20140131,140916,4217,1000
OTP,0,20140131,141013,4217,1282
OTP,0,20140131,141102,4215,67
OTP,0,20140131,141130,4218,136
OTP,0,20140131,141213,4219,200
OTP,0,20140131,141225,4219,200
OTP,0,20140131,141225,4220,274
OTP,0,20140131,141412,4220,996
OTP,0,20140131,141414,4221,250
OTP,0,20140131,141422,4220,200
OTP,0,20140131,141427,4220,374
OTP,0,20140131,141445,4220,10
OTP,0,20140131,141446,4220,1312
OTP,0,20140131,141530,4217,374
OTP,0,20140131,141613,4221,192
OTP,0,20140131,141617,4221,46
OTP,0,20140131,141619,4221,11
OTP,0,20140131,141631,4221,1
OTP,0,20140131,141634,4222,1293
OTP,0,20140131,141639,4222,452
OTP,0,20140131,141642,4222,95
OTP,0,20140131,141644,4222,24
OTP,0,20140131,141656,4222,1
OTP,0,20140131,141658,4222,1
OTP,0,20140131,141701,4222,507
OTP,0,20140131,141703,4222,10
OTP,0,20140131,141703,4223,1476
OTP,0,20140131,141704,4223,9
OTP,0,20140131,141707,4223,454
OTP,0,20140131,141805,4220,2000
OTP,0,20140131,141807,4223,1652
OTP,0,20140131,141812,4220,632
OTP,0,20140131,141942,4220,117
OTP,0,20140131,142051,4220,10
OTP,0,20140131,142141,4220,241
OTP,0,20140131,142141,4222,50
OTP,0,20140131,142141,4223,9
OTP,0,20140131,142216,4218,10
OTP,0,20140131,142216,4217,686
OTP,0,20140131,142216,4216,993
OTP,0,20140131,142216,4215,311
OTP,0,20140131,142217,4215,5000
OTP,0,20140131,142219,4223,1942
OTP,0,20140131,142226,4215,366
OTP,0,20140131,142250,4213,200
OTP,0,20140131,142400,4210,53
OTP,0,20140131,142417,4207,4000
OTP,0,20140131,142418,4210,1312
OTP,0,20140131,142526,4207,10
OTP,0,20140131,142532,4206,520
OTP,0,20140131,142536,4205,90
OTP,0,20140131,142626,4207,12
OTP,0,20140131,142723,4205,26
OTP,0,20140131,143019,4205,14
OTP,0,20140131,143019,4203,16
OTP,0,20140131,143128,4203,584
OTP,0,20140131,143128,4201,116
OTP,0,20140131,143146,4205,20
OTP,0,20140131,143146,4207,205
OTP,0,20140131,143230,4201,314
OTP,0,20140131,143230,4200,686
OTP,0,20140131,143243,4201,10
OTP,0,20140131,143243,4200,1490
OTP,0,20140131,143310,4200,500
OTP,0,20140131,143318,4200,3000
OTP,0,20140131,143319,4207,1785
OTP,0,20140131,143321,4200,400
OTP,0,20140131,143321,4200,100
OTP,0,20140131,143344,4200,502
OTP,0,20140131,143355,4199,12
OTP,0,20140131,143355,4195,13
OTP,0,20140131,143604,4200,20
OTP,0,20140131,143608,4196,10
OTP,0,20140131,143608,4195,90
OTP,0,20140131,143713,4198,1000
OTP,0,20140131,143723,4196,410
OTP,0,20140131,143823,4198,787
OTP,0,20140131,143848,4198,751
OTP,0,20140131,143941,4200,200
OTP,0,20140131,144058,4200,1000
OTP,0,20140131,144100,4200,1394
OTP,0,20140131,144319,4201,100
OTP,0,20140131,144319,4200,1900
OTP,0,20140131,144327,4200,1000
OTP,0,20140131,144340,4201,529
OTP,0,20140131,144340,4200,36
OTP,0,20140131,144357,4198,462
OTP,0,20140131,144357,4196,110
OTP,0,20140131,144357,4195,3115
OTP,0,20140131,144359,4195,1752
OTP,0,20140131,144412,4195,537
OTP,0,20140131,144422,4200,1000
OTP,0,20140131,144424,4195,40
OTP,0,20140131,144542,4197,300
OTP,0,20140131,144629,4195,500
OTP,0,20140131,144630,4195,3000
OTP,0,20140131,144631,4200,1425
OTP,0,20140131,144632,4195,1209
OTP,0,20140131,144638,4195,300
OTP,0,20140131,144642,4197,400
OTP,0,20140131,144656,4197,1000
OTP,0,20140131,144715,4195,700
OTP,0,20140131,144729,4199,250
OTP,0,20140131,144729,4200,750
OTP,0,20140131,144738,4197,500
OTP,0,20140131,144747,4200,28
OTP,0,20140131,144748,4200,1313
OTP,0,20140131,144757,4197,500
OTP,0,20140131,144827,4200,1190
OTP,0,20140131,144852,4196,2000
OTP,0,20140131,144914,4196,500
OTP,0,20140131,144914,4195,2384
OTP,0,20140131,144916,4198,400
OTP,0,20140131,145004,4195,500
OTP,0,20140131,145005,4200,1357
OTP,0,20140131,145116,4194,1000
OTP,0,20140131,145212,4195,40
OTP,0,20140131,145253,4195,1
OTP,0,20140131,145322,4199,1853
OTP,0,20140131,145326,4199,31
OTP,0,20140131,145328,4199,8
OTP,0,20140131,145340,4199,1
OTP,0,20140131,145342,4200,2159
OTP,0,20140131,145346,4200,2119
OTP,0,20140131,145347,4200,1714
OTP,0,20140131,145352,4200,2275
OTP,0,20140131,145358,4200,1000
OTP,0,20140131,145418,4197,1000
OTP,0,20140131,145418,4197,1000
OTP,0,20140131,145423,4200,725
OTP,0,20140131,145423,4200,725
OTP,0,20140131,145424,4200,1343
OTP,0,20140131,145424,4200,1343
OTP,0,20140131,145442,4200,370
OTP,0,20140131,145452,4200,35
OTP,0,20140131,145518,4200,30
OTP,0,20140131,145529,4195,4599
OTP,0,20140131,145626,4196,100
OTP,0,20140131,145709,4196,30
OTP,0,20140131,145730,4200,23
OTP,0,20140131,145737,4200,1964
OTP,0,20140131,145738,4200,1699
OTP,0,20140131,145810,4200,13
OTP,0,20140131,145902,4200,80
OTP,0,20140131,145952,4200,2000
OTP,0,20140131,145954,4200,2000
OTP,0,20140131,145955,4200,2000
OTP,0,20140131,145956,4200,1550
OTP,0,20140131,145956,4200,366
OTP,0,20140131,145958,4200,250
OTP,0,20140131,150024,4200,3924
OTP,0,20140131,150028,4200,1076
OTP,0,20140131,150053,4201,3500
OTP,0,20140131,150108,4200,517
OTP,0,20140131,150126,4201,470
OTP,0,20140131,150316,4205,20
OTP,0,20140131,150345,4200,52
OTP,0,20140131,150407,4205,15
OTP,0,20140131,150422,4205,94
OTP,0,20140131,150437,4202,3000
OTP,0,20140131,150437,4202,3000
OTP,0,20140131,150437,4205,371
OTP,0,20140131,150437,4205,371
OTP,0,20140131,150437,4206,2000
OTP,0,20140131,150437,4206,2000
OTP,0,20140131,150437,4207,555
OTP,0,20140131,150437,4207,555
OTP,0,20140131,150437,4208,5000
OTP,0,20140131,150437,4208,5000
OTP,0,20140131,150437,4209,2000
OTP,0,20140131,150437,4209,2000
OTP,0,20140131,150437,4210,74
OTP,0,20140131,150437,4210,74
OTP,0,20140131,150648,4210,1543
OTP,0,20140131,150650,4210,3544
OTP,0,20140131,150712,4215,1264
OTP,0,20140131,150712,4215,1264
OTP,0,20140131,150716,4215,236
OTP,0,20140131,150716,4215,236
OTP,0,20140131,150725,4210,1769
OTP,0,20140131,150725,4210,1769
OTP,0,20140131,150725,4205,500
OTP,0,20140131,150725,4205,500
OTP,0,20140131,150725,4203,1000
OTP,0,20140131,150725,4203,1000
OTP,0,20140131,150729,4203,1000
OTP,0,20140131,150729,4203,1000
OTP,0,20140131,150817,4208,1000
OTP,0,20140131,150859,4203,627
OTP,0,20140131,150905,4203,333
OTP,0,20140131,150906,4202,988
OTP,0,20140131,150909,4202,12
OTP,0,20140131,150912,4203,988
OTP,0,20140131,150913,4201,1000
OTP,0,20140131,150951,4201,1000
OTP,0,20140131,151050,4203,640
OTP,0,20140131,151050,4205,100
OTP,0,20140131,151107,4203,300
OTP,0,20140131,151107,4203,300
OTP,0,20140131,151111,4202,988
OTP,0,20140131,151111,4202,988
OTP,0,20140131,151111,4200,12
OTP,0,20140131,151111,4200,12
OTP,0,20140131,151112,4201,50
OTP,0,20140131,151112,4201,50
OTP,0,20140131,151112,4200,1560
OTP,0,20140131,151112,4200,1560
OTP,0,20140131,151453,4203,1959
OTP,0,20140131,151453,4203,1959
OTP,0,20140131,151453,4204,1323
OTP,0,20140131,151453,4204,1323
OTP,0,20140131,151459,4204,718
OTP,0,20140131,151459,4204,718
OTP,0,20140131,151500,4205,1331
OTP,0,20140131,151500,4205,1331
OTP,0,20140131,151500,4204,293
OTP,0,20140131,151500,4204,293
OTP,0,20140131,151500,4204,639
OTP,0,20140131,151500,4204,639
OTP,0,20140131,151511,4208,823
OTP,0,20140131,151511,4208,823
OTP,0,20140131,151530,4203,3000
OTP,0,20140131,151530,4203,3000
OTP,0,20140131,151602,4204,45
OTP,0,20140131,151618,4205,540
OTP,0,20140131,151745,4205,460
OTP,0,20140131,151745,4208,40
OTP,0,20140131,151750,4203,300
OTP,0,20140131,151750,4201,165
OTP,0,20140131,151840,4205,100
OTP,0,20140131,152119,4201,27
OTP,0,20140131,152119,4200,4973
OTP,0,20140131,152312,4200,4132
OTP,0,20140131,152318,4200,868
OTP,0,20140131,152326,4200,1632
OTP,0,20140131,152328,4200,2500
OTP,0,20140131,152330,4200,190
OTP,0,20140131,152335,4200,2310
OTP,0,20140131,152338,4200,2500
OTP,0,20140131,152338,4200,944
OTP,0,20140131,152346,4200,1556
OTP,0,20140131,152347,4200,2500
OTP,0,20140131,152349,4200,944
OTP,0,20140131,152352,4205,30
OTP,0,20140131,152357,4205,50
OTP,0,20140131,152359,4200,5000
OTP,0,20140131,152404,4200,2000
OTP,0,20140131,152412,4204,500
OTP,0,20140131,152429,4202,2000
OTP,0,20140131,152440,4201,1000
OTP,0,20140131,152443,4201,1000
OTP,0,20140131,152457,4203,50
OTP,0,20140131,152502,4201,500
OTP,0,20140131,152504,4200,2065
OTP,0,20140131,153042,4200,250
OTP,0,20140131,153235,4201,56
OTP,0,20140131,153235,4200,944
OTP,0,20140131,153301,4203,1000
OTP,0,20140131,153318,4200,10000
OTP,0,20140131,153331,4200,134
OTP,0,20140131,153335,4200,250
OTP,0,20140131,153337,4200,10000
OTP,0,20140131,153545,4200,400
OTP,0,20140131,153645,4199,10
OTP,0,20140131,153732,4199,10
OTP,0,20140131,153806,4197,238
OTP,0,20140131,153806,4196,1582
OTP,0,20140131,153837,4198,60
OTP,0,20140131,153843,4198,348
OTP,0,20140131,153843,4199,480
OTP,0,20140131,153844,4200,800
OTP,0,20140131,153844,4200,542
OTP,0,20140131,153936,4199,172
OTP,0,20140131,154306,4196,80
OTP,0,20140131,154415,4200,15
OTP,0,20140131,154415,4200,250
OTP,0,20140131,154420,4200,1543
OTP,0,20140131,154425,4200,1543
OTP,0,20140131,154437,4200,1543
OTP,0,20140131,154441,4200,1543
OTP,0,20140131,154457,4197,1850
OTP,0,20140131,154527,4199,381
OTP,0,20140131,154536,4199,2515
OTP,0,20140131,154538,4197,1121
OTP,0,20140131,154553,4199,268
OTP,0,20140131,154555,4197,1879
OTP,0,20140131,154555,4195,260
OTP,0,20140131,154600,4195,78
OTP,0,20140131,154630,4197,100
OTP,0,20140131,154649,4200,1543
OTP,0,20140131,154653,4200,1543
OTP,0,20140131,154703,4200,100
OTP,0,20140131,154705,4200,15
OTP,0,20140131,154815,4195,1716
OTP,0,20140131,154815,4195,1716
OTP,0,20140131,154820,4198,500
OTP,0,20140131,154820,4198,500
OTP,0,20140131,154834,4198,490
OTP,0,20140131,155014,4197,118
OTP,0,20140131,155020,4197,1000
OTP,0,20140131,155035,4197,2206
OTP,0,20140131,155036,4197,1082
OTP,0,20140131,155045,4199,1000
OTP,0,20140131,155046,4199,100
OTP,0,20140131,155046,4200,85
OTP,0,20140131,155046,4200,349
OTP,0,20140131,155053,4200,3000
OTP,0,20140131,155053,4197,456
OTP,0,20140131,155109,4198,200
OTP,0,20140131,155113,4200,500
OTP,0,20140131,155125,4200,3083
OTP,0,20140131,155127,4200,100
OTP,0,20140131,155128,4200,50
OTP,0,20140131,155131,4200,100
OTP,0,20140131,155136,4200,2000
OTP,0,20140131,155136,4200,2000
OTP,0,20140131,155140,4200,100
OTP,0,20140131,155140,4200,100
OTP,0,20140131,155143,4200,117
OTP,0,20140131,155143,4200,117
OTP,0,20140131,155146,4200,250
OTP,0,20140131,155146,4200,250
OTP,0,20140131,155200,4200,1887
OTP,0,20140131,155200,4200,1887
OTP,0,20140131,155215,4201,1520
OTP,0,20140131,155215,4201,1520
OTP,0,20140131,155215,4200,113
OTP,0,20140131,155215,4200,113
OTP,0,20140131,155224,4200,367
OTP,0,20140131,155245,4205,1543
OTP,0,20140131,155249,4205,1543
OTP,0,20140131,155327,4205,850
OTP,0,20140131,155331,4205,63
OTP,0,20140131,155341,4205,1
OTP,0,20140131,155352,4208,169
OTP,0,20140131,155403,4208,1
OTP,0,20140131,155410,4209,459
OTP,0,20140131,155414,4209,320
OTP,0,20140131,155430,4208,332
OTP,0,20140131,155433,4208,34
OTP,0,20140131,155444,4208,1
OTP,0,20140131,155509,4209,456
OTP,0,20140131,155511,4209,34
OTP,0,20140131,155511,4209,34
OTP,0,20140131,155523,4209,1
OTP,0,20140131,155523,4209,1
OTP,0,20140131,155534,4210,365
OTP,0,20140131,155534,4210,365
OTP,0,20140131,155637,4205,400
OTP,0,20140131,155712,4204,400
OTP,0,20140131,155717,4203,2830
OTP,0,20140131,155723,4203,1405
OTP,0,20140131,155831,4203,1257
OTP,0,20140131,155933,4203,1243
OTP,0,20140131,155941,4201,985
OTP,0,20140131,155941,4200,2150
OTP,0,20140131,155947,4200,3080
OTP,0,20140131,160015,4200,1543
OTP,0,20140131,160019,4200,1543
OTP,0,20140131,160033,4200,50
OTP,0,20140131,160036,4200,240
OTP,0,20140131,160114,4199,314
OTP,0,20140131,160132,4199,70
OTP,0,20140131,160141,4199,670
OTP,0,20140131,160158,4199,400
OTP,0,20140131,160204,4200,110
OTP,0,20140131,160211,4200,100
OTP,0,20140131,160250,4200,100
OTP,0,20140131,160250,4200,100
OTP,0,20140131,160250,4200,100
OTP,0,20140131,160338,4200,17
OTP,0,20140131,160359,4200,3000
OTP,0,20140131,160518,4200,360
OTP,0,20140131,160631,4200,300
OTP,0,20140131,160631,4200,300
OTP,0,20140131,160631,4200,300
OTP,0,20140131,160631,4200,6
OTP,0,20140131,160631,4200,6
OTP,0,20140131,160631,4200,6
OTP,0,20140131,160730,4200,190
OTP,0,20140131,160813,4200,3677
OTP,0,20140131,160853,4203,20
OTP,0,20140131,160853,4205,480
OTP,0,20140131,160859,4201,2777
OTP,0,20140131,160859,4200,2323
OTP,0,20140131,160930,4201,25
OTP,0,20140131,160930,4200,5000
OTP,0,20140131,160946,4205,1000
OTP,0,20140131,160953,4200,1000
OTP,0,20140131,161135,4200,1000
OTP,0,20140131,161146,4200,4323
OTP,0,20140131,161147,4200,677
OTP,0,20140131,161147,4199,470
OTP,0,20140131,161147,4199,360
OTP,0,20140131,161156,4205,1092
OTP,0,20140131,161158,4205,117
OTP,0,20140131,161200,4205,9
OTP,0,20140131,161212,4205,1
OTP,0,20140131,161214,4205,1
OTP,0,20140131,161224,4208,122
OTP,0,20140131,161228,4208,32
OTP,0,20140131,161228,4208,1
OTP,0,20140131,161232,4205,2068
OTP,0,20140131,161234,4205,357
OTP,0,20140131,161234,4205,75
OTP,0,20140131,161238,4209,283
OTP,0,20140131,161313,4209,300
OTP,0,20140131,161318,4209,1077
OTP,0,20140131,161321,4209,161
OTP,0,20140131,161325,4209,28
OTP,0,20140131,161329,4209,7
OTP,0,20140131,161341,4209,1
OTP,0,20140131,161341,4209,1
OTP,0,20140131,161343,4210,798
OTP,0,20140131,161343,4210,798
OTP,0,20140131,161354,4206,2300
OTP,0,20140131,161354,4206,2300
OTP,0,20140131,161354,4203,40
OTP,0,20140131,161354,4203,40
OTP,0,20140131,161354,4201,355
OTP,0,20140131,161354,4201,355
OTP,0,20140131,161354,4200,5087
OTP,0,20140131,161354,4200,5087
OTP,0,20140131,161404,4200,150
OTP,0,20140131,161417,4210,100
OTP,0,20140131,161623,4209,1336
OTP,0,20140131,161625,4209,207
OTP,0,20140131,161629,4209,1250
OTP,0,20140131,161631,4209,293
OTP,0,20140131,161639,4209,110
OTP,0,20140131,161729,4209,232
OTP,0,20140131,161825,4209,228
OTP,0,20140131,161835,4209,2
OTP,0,20140131,161839,4209,1
OTP,0,20140131,161843,4209,1
OTP,0,20140131,161846,4209,772
OTP,0,20140131,161848,4209,24
OTP,0,20140131,161900,4209,3
OTP,0,20140131,161902,4209,1
OTP,0,20140131,161907,4209,160
OTP,0,20140131,161907,4209,511
OTP,0,20140131,161907,4209,105
OTP,0,20140131,161910,4209,20
OTP,0,20140131,161912,4209,3
OTP,0,20140131,161916,4209,1
OTP,0,20140131,161918,4209,624
OTP,0,20140131,161921,4209,822
OTP,0,20140131,161923,4209,73
OTP,0,20140131,161951,4209,90
OTP,0,20140131,161952,4209,108
OTP,0,20140131,161952,4210,83
OTP,0,20140131,161955,4210,1352
OTP,0,20140131,162000,4210,1543
OTP,0,20140131,162020,4210,4042
OTP,0,20140131,162054,4207,2853
OTP,0,20140131,162054,4206,200
OTP,0,20140131,162055,4205,763
OTP,0,20140131,162056,4201,1110
OTP,0,20140131,162056,4200,3185
OTP,0,20140131,162108,4200,693
OTP,0,20140131,162108,4200,693
OTP,0,20140131,162109,4200,693
OTP,0,20140131,162109,4200,921
OTP,0,20140131,162124,4200,693
OTP,0,20140131,162124,4200,693
OTP,0,20140131,162125,4200,693
OTP,0,20140131,162125,4200,921
OTP,0,20140131,162211,4200,27
OTP,0,20140131,162211,4200,27
OTP,0,20140131,162219,4200,210
OTP,0,20140131,162234,4200,20
OTP,0,20140131,162244,4200,200
OTP,0,20140131,162302,4200,236
OTP,0,20140131,162302,4200,693
OTP,0,20140131,162302,4200,1071
OTP,0,20140131,162426,4200,693
OTP,0,20140131,162426,4200,27
OTP,0,20140131,162428,4200,120
OTP,0,20140131,162458,4199,19
OTP,0,20140131,162531,4199,1459
OTP,0,20140131,162532,4199,129
OTP,0,20140131,162532,4199,81
OTP,0,20140131,162543,4199,1441
OTP,0,20140131,162732,4200,1958
OTP,0,20140131,162733,4200,79
OTP,0,20140131,162752,4197,87
OTP,0,20140131,162757,4197,3415
OTP,0,20140131,162758,4196,4000
OTP,0,20140131,162758,4195,370
OTP,0,20140131,162807,4193,50
OTP,0,20140131,162807,4192,45
OTP,0,20140131,162807,4191,105
OTP,0,20140131,162807,4191,250
OTP,0,20140131,162807,4191,660
OTP,0,20140131,162807,4190,40
OTP,0,20140131,162808,4190,5420
OTP,0,20140131,162839,4200,560
OTP,0,20140131,162911,4199,235
OTP,0,20140131,162942,4198,440
OTP,0,20140131,162944,4198,50
OTP,0,20140131,162946,4198,110
OTP,0,20140131,162953,4198,560
OTP,0,20140131,162955,4198,39
OTP,0,20140131,163000,4198,653
OTP,0,20140131,163000,4190,911
OTP,0,20140131,163002,4198,46
OTP,0,20140131,163006,4198,163
OTP,0,20140131,163010,4198,35
OTP,0,20140131,163016,4197,893
OTP,0,20140131,163019,4197,763
OTP,0,20140131,163019,4195,935
OTP,0,20140131,163022,4197,103
OTP,0,20140131,163025,4197,20
OTP,0,20140131,163034,4197,5
OTP,0,20140131,163035,4199,698
OTP,0,20140131,163103,4199,295
OTP,0,20140131,163231,4198,3086
OTP,0,20140131,163231,4198,3086
OTP,0,20140131,163231,4192,931
OTP,0,20140131,163231,4192,931
OTP,0,20140131,163234,4198,3085
OTP,0,20140131,163234,4198,3085
OTP,0,20140131,163314,4197,2000
OTP,0,20140131,163335,4197,709
OTP,0,20140131,163339,4197,16
OTP,0,20140131,163347,4197,1
OTP,0,20140131,163348,4198,193
OTP,0,20140131,163349,4197,58
OTP,0,20140131,163349,4197,58
OTP,0,20140131,163349,4197,15
OTP,0,20140131,163350,4198,36
OTP,0,20140131,163352,4198,5
OTP,0,20140131,163357,4198,1
OTP,0,20140131,163359,4198,1
OTP,0,20140131,163401,4199,6
OTP,0,20140131,163404,4199,1
OTP,0,20140131,163408,4200,575
OTP,0,20140131,163410,4200,50
OTP,0,20140131,163412,4200,1543
OTP,0,20140131,163423,4200,1543
OTP,0,20140131,163428,4200,958
OTP,0,20140131,163430,4200,286
OTP,0,20140131,163453,4209,585
OTP,0,20140131,163553,4209,10
OTP,0,20140131,163558,4206,500
OTP,0,20140131,163603,4206,1451
OTP,0,20140131,163628,4207,121
OTP,0,20140131,163852,4207,436
OTP,0,20140131,163852,4209,636
OTP,0,20140131,163933,4209,140
OTP,0,20140131,163933,4210,860
OTP,0,20140131,163935,4210,800
OTP,0,20140131,163940,4210,1519
OTP,0,20140131,164041,4210,272
OTP,0,20140131,164041,4210,52
OTP,0,20140131,164043,4210,1543
OTP,0,20140131,164045,4210,400
OTP,0,20140131,164046,4210,1543
OTP,0,20140131,164054,4210,1102
OTP,0,20140131,164102,4208,75
OTP,0,20140131,164105,4210,1139
OTP,0,20140131,164116,4210,3900
OTP,0,20140131,164117,4210,1017
OTP,0,20140131,164119,4210,2162
OTP,0,20140131,164120,4210,1623
OTP,0,20140131,164127,4210,1215
OTP,0,20140131,164128,4210,1045
OTP,0,20140131,164134,4210,240
OTP,0,20140131,164136,4210,2500
OTP,0,20140131,164140,4214,2392
OTP,0,20140131,164140,4210,108
OTP,0,20140131,164143,4210,2152
OTP,0,20140131,164147,4210,348
OTP,0,20140131,164155,4215,1457
OTP,0,20140131,164155,4210,1043
OTP,0,20140131,164157,4210,2500
OTP,0,20140131,164159,4216,4000
OTP,0,20140131,164159,4210,1109
OTP,0,20140131,164204,4210,2500
OTP,0,20140131,164222,4210,2000
OTP,0,20140131,164222,4210,328
OTP,0,20140131,164224,4210,214
OTP,0,20140131,164243,4210,2173
OTP,0,20140131,164300,4210,40
OTP,0,20140131,164326,4209,350
OTP,0,20140131,164333,4209,190
OTP,0,20140131,164333,4209,190
OTP,0,20140131,164333,4210,1810
OTP,0,20140131,164333,4210,1810
OTP,0,20140131,164338,4210,527
OTP,0,20140131,164338,4210,527
OTP,0,20140131,164338,4212,609
OTP,0,20140131,164338,4212,609
OTP,0,20140131,164342,4212,613
OTP,0,20140131,164342,4212,613
OTP,0,20140131,164524,4214,100
OTP,0,20140131,164524,4214,100
OTP,0,20140131,164538,4218,1264
OTP,0,20140131,164538,4218,1264
OTP,0,20140131,164547,4218,1155
OTP,0,20140131,164547,4218,1155
OTP,0,20140131,164701,4218,1002
OTP,0,20140131,164701,4218,1002
OTP,0,20140131,164705,4218,400
OTP,0,20140131,164705,4218,400
OTP,0,20140131,164706,4215,2792
OTP,0,20140131,164706,4215,2792
OTP,0,20140131,164707,4215,1190
OTP,0,20140131,164707,4215,1190
OTP,0,20140131,164707,4215,1005
OTP,0,20140131,164707,4215,1005
OTP,0,20140131,164752,4215,2980
OTP,0,20140131,164752,4215,2980
OTP,0,20140131,164752,4219,500
OTP,0,20140131,164752,4219,500
OTP,0,20140131,164752,4220,2075
OTP,0,20140131,164752,4220,2075
OTP,0,20140131,164758,4215,2590
OTP,0,20140131,164758,4215,2590
OTP,0,20140131,164758,4215,540
OTP,0,20140131,164758,4215,540
OTP,0,20140131,164759,4215,1454
OTP,0,20140131,164759,4215,1454
OTP,0,20140131,164811,4220,225
OTP,0,20140131,164811,4220,225
OTP,0,20140131,164815,4223,1543
OTP,0,20140131,164815,4223,1543
OTP,0,20140131,164820,4223,1543
OTP,0,20140131,164820,4223,1543
OTP,0,20140131,164822,4223,573
OTP,0,20140131,164822,4223,573
OTP,0,20140131,164826,4220,200
OTP,0,20140131,164826,4220,200
OTP,0,20140131,164901,4220,1543
OTP,0,20140131,164901,4220,1543
OTP,0,20140131,164911,4220,1543
OTP,0,20140131,164911,4220,1543
OTP,0,20140131,164913,4220,500
OTP,0,20140131,164913,4220,500
OTP,0,20140131,164931,4216,500
OTP,0,20140131,164931,4216,500
OTP,0,20140131,164940,4216,2310
OTP,0,20140131,164940,4216,2310
OTP,0,20140131,165003,4215,500
OTP,0,20140131,165003,4215,500
OTP,0,20140131,165103,4211,430
OTP,0,20140131,165103,4211,430
OTP,0,20140131,165103,4216,190
OTP,0,20140131,165103,4216,190
OTP,0,20140131,165103,4219,110
OTP,0,20140131,165103,4219,110
OTP,0,20140131,165117,4219,1543
OTP,0,20140131,165117,4219,1543
OTP,0,20140131,165121,4219,1543
OTP,0,20140131,165121,4219,1543
OTP,0,20140131,165141,4212,1833
OTP,0,20140131,165141,4212,1833
OTP,0,20140131,165201,4215,400
OTP,0,20140131,165201,4215,400
OTP,0,20140131,165238,4215,10
OTP,0,20140131,165238,4215,10
OTP,0,20140131,165304,4212,500
OTP,0,20140131,165304,4212,500
OTP,0,20140131,165315,4212,1520
OTP,0,20140131,165315,4212,1520
OTP,0,20140131,165317,4211,870
OTP,0,20140131,165317,4211,870
OTP,0,20140131,165319,4210,2000
OTP,0,20140131,165319,4210,2000
OTP,0,20140131,165320,4210,2000
OTP,0,20140131,165320,4210,2000
OTP,0,20140131,165320,4210,2000
OTP,0,20140131,165320,4210,2000
OTP,0,20140131,165321,4210,1810
OTP,0,20140131,165321,4210,1810
OTP,0,20140131,165328,4210,167
OTP,0,20140131,165419,4210,71
OTP,0,20140131,165419,4210,71
OTP,0,20140131,165429,4209,10
OTP,0,20140131,165429,4209,10
OTP,0,20140131,165431,4209,430
OTP,0,20140131,165431,4209,430
OTP,0,20140131,165431,4210,3199
OTP,0,20140131,165431,4210,3199
OTP,0,20140131,165431,4212,480
OTP,0,20140131,165431,4212,480
OTP,0,20140131,165432,4215,1925
OTP,0,20140131,165432,4215,1925
OTP,0,20140131,165436,4215,2000
OTP,0,20140131,165436,4215,2000
OTP,0,20140131,165441,4215,466
OTP,0,20140131,165441,4215,466
OTP,0,20140131,165453,4210,33
OTP,0,20140131,165453,4210,33
OTP,0,20140131,165513,4210,25
OTP,0,20140131,165513,4210,25
OTP,0,20140131,165513,4210,60
OTP,0,20140131,165513,4210,60
OTP,0,20140131,165513,4210,120
OTP,0,20140131,165513,4210,120
OTP,0,20140131,165513,4205,476
OTP,0,20140131,165513,4205,476
OTP,0,20140131,165513,4204,524
OTP,0,20140131,165513,4204,524
OTP,0,20140131,165514,4204,100
OTP,0,20140131,165514,4204,100
OTP,0,20140131,165514,4210,100
OTP,0,20140131,165514,4210,100
OTP,0,20140131,165514,4205,50
OTP,0,20140131,165514,4205,50
OTP,0,20140131,165514,4210,50
OTP,0,20140131,165514,4210,50
OTP,0,20140131,165519,4210,1543
OTP,0,20140131,165519,4210,1543
OTP,0,20140131,165522,4210,1543
OTP,0,20140131,165522,4210,1543
OTP,0,20140131,165625,4206,24
OTP,0,20140131,165625,4206,24
OTP,0,20140131,165625,4209,11
OTP,0,20140131,165625,4209,11
OTP,0,20140131,165625,4210,19
OTP,0,20140131,165625,4210,19
OTP,0,20140131,165626,4206,150
OTP,0,20140131,165626,4206,150
OTP,0,20140131,165626,4206,185
OTP,0,20140131,165626,4206,185
OTP,0,20140131,165626,4206,2
OTP,0,20140131,165626,4206,2
OTP,0,20140131,165627,4210,250
OTP,0,20140131,165627,4210,250
OTP,0,20140131,165656,4210,500
OTP,0,20140131,165656,4210,500
OTP,0,20140131,165704,4209,250
OTP,0,20140131,165704,4209,250
OTP,0,20140131,165802,4209,1080
OTP,0,20140131,165802,4209,1080
OTP,0,20140131,165839,4209,500
OTP,0,20140131,165846,4210,100
OTP,0,20140131,165851,4209,1
OTP,0,20140131,165907,4210,16
OTP,0,20140131,165909,4210,1752
OTP,0,20140131,165934,4210,252
OTP,0,20140131,165936,4210,1500
OTP,0,20140131,165936,4210,15
OTP,0,20140131,165943,4210,200
OTP,0,20140131,165948,4209,1284
OTP,0,20140131,165950,4210,6000
OTP,0,20140131,165954,4209,44
OTP,0,20140131,170513,4240,297862
