<TICKER>,<PER>,<DTYYYYMMDD>,<TIME>,<CLOSE>,<VOLUME>
OTP,0,20140124,090004,4593,4671
OTP,0,20140124,090209,4593,125
OTP,0,20140124,090209,4595,10
OTP,0,20140124,090209,4598,15
OTP,0,20140124,090241,4585,60
OTP,0,20140124,090243,4585,40
OTP,0,20140124,090243,4580,5
OTP,0,20140124,090301,4593,949
OTP,0,20140124,090302,4594,651
OTP,0,20140124,090303,4595,120
OTP,0,20140124,090303,4595,937
OTP,0,20140124,090323,4595,100
OTP,0,20140124,090325,4581,120
OTP,0,20140124,090353,4581,50
OTP,0,20140124,090356,4581,130
OTP,0,20140124,090400,4580,905
OTP,0,20140124,090404,4580,170
OTP,0,20140124,090419,4580,237
OTP,0,20140124,090456,4580,100
OTP,0,20140124,090500,4580,224
OTP,0,20140124,090504,4580,50
OTP,0,20140124,090507,4580,20
OTP,0,20140124,090521,4575,141
OTP,0,20140124,090534,4575,50
OTP,0,20140124,090537,4572,100
OTP,0,20140124,090543,4572,16
OTP,0,20140124,090543,4571,284
OTP,0,20140124,090607,4571,50
OTP,0,20140124,090657,4572,50
OTP,0,20140124,090714,4574,70
OTP,0,20140124,090728,4574,683
OTP,0,20140124,090728,4575,500
OTP,0,20140124,090728,4573,31
OTP,0,20140124,090728,4572,150
OTP,0,20140124,090728,4571,199
OTP,0,20140124,090728,4570,183
OTP,0,20140124,090728,4570,100
OTP,0,20140124,090756,4570,10
OTP,0,20140124,090759,4570,100
OTP,0,20140124,090804,4570,25
OTP,0,20140124,090824,4570,200
OTP,0,20140124,090829,4570,300
OTP,0,20140124,090909,4575,944
OTP,0,20140124,090916,4570,32
OTP,0,20140124,090918,4566,180
OTP,0,20140124,090919,4565,244
OTP,0,20140124,090929,4570,255
OTP,0,20140124,090942,4565,62
OTP,0,20140124,090951,4563,30
OTP,0,20140124,091020,4569,17
OTP,0,20140124,091052,4569,500
OTP,0,20140124,091126,4565,72
OTP,0,20140124,091133,4565,120
OTP,0,20140124,091207,4565,8
OTP,0,20140124,091207,4563,2
OTP,0,20140124,091218,4563,25
OTP,0,20140124,091229,4563,143
OTP,0,20140124,091239,4563,200
OTP,0,20140124,091326,4562,70
OTP,0,20140124,091327,4562,173
OTP,0,20140124,091427,4562,1000
OTP,0,20140124,091432,4561,236
OTP,0,20140124,091432,4560,51
OTP,0,20140124,091432,4558,100
OTP,0,20140124,091447,4560,200
OTP,0,20140124,091453,4560,130
OTP,0,20140124,091455,4560,170
OTP,0,20140124,091609,4559,100
OTP,0,20140124,091614,4561,661
OTP,0,20140124,091633,4560,200
OTP,0,20140124,091641,4558,100
OTP,0,20140124,091644,4559,20
OTP,0,20140124,091646,4558,123
OTP,0,20140124,091646,4557,894
OTP,0,20140124,091646,4556,326
OTP,0,20140124,091646,4555,157
OTP,0,20140124,091646,4555,31
OTP,0,20140124,091647,4559,764
OTP,0,20140124,091647,4560,236
OTP,0,20140124,091648,4555,414
OTP,0,20140124,091710,4555,100
OTP,0,20140124,091714,4555,85
OTP,0,20140124,091715,4553,375
OTP,0,20140124,091723,4555,270
OTP,0,20140124,091723,4560,730
OTP,0,20140124,091736,4560,94
OTP,0,20140124,091737,4560,362
OTP,0,20140124,091740,4562,334
OTP,0,20140124,091819,4562,95
OTP,0,20140124,091819,4563,405
OTP,0,20140124,091828,4561,3000
OTP,0,20140124,091835,4560,100
OTP,0,20140124,091841,4560,238
OTP,0,20140124,091844,4560,993
OTP,0,20140124,091848,4560,790
OTP,0,20140124,091901,4561,100
OTP,0,20140124,091901,4556,100
OTP,0,20140124,091941,4560,650
OTP,0,20140124,092004,4563,67
OTP,0,20140124,092005,4560,50
OTP,0,20140124,092015,4563,472
OTP,0,20140124,092018,4564,100
OTP,0,20140124,092043,4565,20
OTP,0,20140124,092107,4565,20
OTP,0,20140124,092145,4561,200
OTP,0,20140124,092157,4561,930
OTP,0,20140124,092257,4562,50
OTP,0,20140124,092257,4561,190
OTP,0,20140124,092302,4561,10
OTP,0,20140124,092302,4560,1500
OTP,0,20140124,092303,4564,735
OTP,0,20140124,092350,4564,35
OTP,0,20140124,092401,4564,420
OTP,0,20140124,092621,4560,100
OTP,0,20140124,092703,4560,1959
OTP,0,20140124,092833,4560,270
OTP,0,20140124,092904,4560,400
OTP,0,20140124,093037,4560,500
OTP,0,20140124,093041,4560,35
OTP,0,20140124,093055,4560,10
OTP,0,20140124,093055,4560,90
OTP,0,20140124,093055,4559,36
OTP,0,20140124,093055,4558,40
OTP,0,20140124,093059,4558,160
OTP,0,20140124,093105,4557,1000
OTP,0,20140124,093117,4557,533
OTP,0,20140124,093136,4555,200
OTP,0,20140124,093138,4556,200
OTP,0,20140124,093138,4555,1475
OTP,0,20140124,093138,4554,267
OTP,0,20140124,093203,4554,50
OTP,0,20140124,093211,4553,22
OTP,0,20140124,093235,4552,133
OTP,0,20140124,093235,4550,17
OTP,0,20140124,093235,4550,40
OTP,0,20140124,093235,4550,100
OTP,0,20140124,093238,4550,763
OTP,0,20140124,093325,4550,200
OTP,0,20140124,093335,4550,50
OTP,0,20140124,093342,4550,2161
OTP,0,20140124,093343,4550,800
OTP,0,20140124,093352,4548,95
OTP,0,20140124,093352,4546,32
OTP,0,20140124,093352,4546,200
OTP,0,20140124,093400,4548,324
OTP,0,20140124,093402,4548,53
OTP,0,20140124,093402,4546,328
OTP,0,20140124,093406,4545,272
OTP,0,20140124,093413,4545,500
OTP,0,20140124,093426,4545,928
OTP,0,20140124,093451,4542,300
OTP,0,20140124,093451,4542,120
OTP,0,20140124,093451,4541,100
OTP,0,20140124,093503,4541,516
OTP,0,20140124,093503,4540,1379
OTP,0,20140124,093503,4540,40
OTP,0,20140124,093505,4540,523
OTP,0,20140124,093516,4541,43
OTP,0,20140124,093516,4540,347
OTP,0,20140124,093519,4540,240
OTP,0,20140124,093530,4537,95
OTP,0,20140124,093530,4536,55
OTP,0,20140124,093536,4539,300
OTP,0,20140124,093542,4540,370
OTP,0,20140124,093557,4540,130
OTP,0,20140124,093624,4536,435
OTP,0,20140124,093628,4535,685
OTP,0,20140124,093628,4532,80
OTP,0,20140124,093632,4531,800
OTP,0,20140124,093636,4530,200
OTP,0,20140124,093636,4527,16
OTP,0,20140124,093636,4526,500
OTP,0,20140124,093636,4525,1464
OTP,0,20140124,093636,4525,40
OTP,0,20140124,093642,4530,102
OTP,0,20140124,093643,4530,100
OTP,0,20140124,093700,4531,300
OTP,0,20140124,093710,4531,250
OTP,0,20140124,093724,4535,800
OTP,0,20140124,093735,4531,200
OTP,0,20140124,093827,4532,150
OTP,0,20140124,093853,4532,40
OTP,0,20140124,093958,4536,400
OTP,0,20140124,094019,4537,33
OTP,0,20140124,094036,4537,20
OTP,0,20140124,094046,4537,400
OTP,0,20140124,094051,4537,47
OTP,0,20140124,094056,4535,773
OTP,0,20140124,094102,4538,200
OTP,0,20140124,094115,4535,60
OTP,0,20140124,094153,4538,200
OTP,0,20140124,094203,4538,100
OTP,0,20140124,094203,4539,358
OTP,0,20140124,094210,4540,9
OTP,0,20140124,094314,4545,50
OTP,0,20140124,094425,4545,200
OTP,0,20140124,094453,4545,352
OTP,0,20140124,094605,4541,1000
OTP,0,20140124,094610,4541,6
OTP,0,20140124,094610,4540,1994
OTP,0,20140124,094612,4540,772
OTP,0,20140124,094615,4540,534
OTP,0,20140124,094642,4544,50
OTP,0,20140124,094723,4544,20
OTP,0,20140124,094728,4544,668
OTP,0,20140124,094728,4547,332
OTP,0,20140124,094742,4541,10
OTP,0,20140124,094742,4538,190
OTP,0,20140124,094841,4538,130
OTP,0,20140124,095102,4540,15
OTP,0,20140124,095102,4539,124
OTP,0,20140124,095117,4539,100
OTP,0,20140124,095240,4538,100
OTP,0,20140124,095248,4538,10
OTP,0,20140124,095310,4538,6
OTP,0,20140124,095312,4538,25
OTP,0,20140124,095334,4538,124
OTP,0,20140124,095334,4536,1203
OTP,0,20140124,095334,4535,173
OTP,0,20140124,095425,4535,390
OTP,0,20140124,095543,4537,50
OTP,0,20140124,095625,4534,150
OTP,0,20140124,095627,4534,336
OTP,0,20140124,095635,4533,50
OTP,0,20140124,095656,4532,1655
OTP,0,20140124,095656,4532,618
OTP,0,20140124,095712,4531,1837
OTP,0,20140124,095712,4530,1530
OTP,0,20140124,095712,4529,21
OTP,0,20140124,095712,4533,351
OTP,0,20140124,095728,4530,63
OTP,0,20140124,095735,4527,446
OTP,0,20140124,095748,4530,224
OTP,0,20140124,095749,4527,30
OTP,0,20140124,095835,4527,24
OTP,0,20140124,095835,4526,961
OTP,0,20140124,095836,4526,548
OTP,0,20140124,095849,4530,105
OTP,0,20140124,095851,4526,500
OTP,0,20140124,095852,4526,427
OTP,0,20140124,095853,4526,300
OTP,0,20140124,095854,4529,7
OTP,0,20140124,095854,4530,434
OTP,0,20140124,095930,4526,264
OTP,0,20140124,095930,4525,2281
OTP,0,20140124,095931,4524,10
OTP,0,20140124,095941,4527,30
OTP,0,20140124,095955,4527,20
OTP,0,20140124,100014,4530,52
OTP,0,20140124,100015,4526,50
OTP,0,20140124,100045,4525,300
OTP,0,20140124,100053,4525,500
OTP,0,20140124,100112,4530,1609
OTP,0,20140124,100113,4530,391
OTP,0,20140124,100113,4525,21
OTP,0,20140124,100113,4525,441
OTP,0,20140124,100130,4530,413
OTP,0,20140124,100130,4530,361
OTP,0,20140124,100136,4530,500
OTP,0,20140124,100156,4532,700
OTP,0,20140124,100305,4531,413
OTP,0,20140124,100305,4532,318
OTP,0,20140124,100313,4532,269
OTP,0,20140124,100313,4530,110
OTP,0,20140124,100337,4530,1963
OTP,0,20140124,100445,4529,380
OTP,0,20140124,100531,4529,250
OTP,0,20140124,100613,4527,100
OTP,0,20140124,100613,4526,676
OTP,0,20140124,100613,4525,1924
OTP,0,20140124,100624,4526,400
OTP,0,20140124,100628,4525,914
OTP,0,20140124,100634,4522,135
OTP,0,20140124,100634,4521,15
OTP,0,20140124,100648,4525,130
OTP,0,20140124,100658,4521,1000
OTP,0,20140124,100658,4521,1000
OTP,0,20140124,100658,4521,347
OTP,0,20140124,100658,4520,1000
OTP,0,20140124,100658,4520,40
OTP,0,20140124,100658,4520,1000
OTP,0,20140124,100659,4520,564
OTP,0,20140124,100700,4519,32
OTP,0,20140124,100700,4518,350
OTP,0,20140124,100700,4517,100
OTP,0,20140124,100700,4516,362
OTP,0,20140124,100700,4516,21
OTP,0,20140124,100727,4519,500
OTP,0,20140124,100736,4519,1000
OTP,0,20140124,100811,4520,436
OTP,0,20140124,100812,4520,64
OTP,0,20140124,100812,4519,336
OTP,0,20140124,100825,4519,64
OTP,0,20140124,100825,4517,120
OTP,0,20140124,100829,4519,435
OTP,0,20140124,100844,4521,320
OTP,0,20140124,100845,4520,930
OTP,0,20140124,100846,4520,430
OTP,0,20140124,100855,4521,900
OTP,0,20140124,100855,4521,413
OTP,0,20140124,100900,4521,308
OTP,0,20140124,100900,4520,692
OTP,0,20140124,100908,4522,624
OTP,0,20140124,100908,4521,376
OTP,0,20140124,100909,4521,435
OTP,0,20140124,100923,4522,512
OTP,0,20140124,100923,4521,189
OTP,0,20140124,100923,4520,1299
OTP,0,20140124,100931,4521,600
OTP,0,20140124,100934,4520,264
OTP,0,20140124,100938,4520,50
OTP,0,20140124,100947,4516,1000
OTP,0,20140124,101002,4520,50
OTP,0,20140124,101005,4516,719
OTP,0,20140124,101005,4515,1100
OTP,0,20140124,101023,4515,600
OTP,0,20140124,101036,4515,1000
OTP,0,20140124,101037,4515,36
OTP,0,20140124,101037,4513,407
OTP,0,20140124,101056,4513,23
OTP,0,20140124,101056,4512,450
OTP,0,20140124,101056,4511,527
OTP,0,20140124,101101,4511,500
OTP,0,20140124,101104,4511,1000
OTP,0,20140124,101104,4511,1000
OTP,0,20140124,101105,4515,200
OTP,0,20140124,101105,4517,290
OTP,0,20140124,101105,4511,766
OTP,0,20140124,101106,4510,7000
OTP,0,20140124,101106,4510,244
OTP,0,20140124,101106,4510,40
OTP,0,20140124,101106,4510,3000
OTP,0,20140124,101110,4510,5000
OTP,0,20140124,101120,4515,1000
OTP,0,20140124,101120,4515,1000
OTP,0,20140124,101122,4514,1000
OTP,0,20140124,101122,4515,1500
OTP,0,20140124,101134,4515,1000
OTP,0,20140124,101137,4515,2000
OTP,0,20140124,101139,4515,1000
OTP,0,20140124,101139,4515,1000
OTP,0,20140124,101139,4515,100
OTP,0,20140124,101146,4516,623
OTP,0,20140124,101146,4515,587
OTP,0,20140124,101146,4512,100
OTP,0,20140124,101146,4511,2000
OTP,0,20140124,101146,4510,2190
OTP,0,20140124,101149,4515,20
OTP,0,20140124,101149,4510,980
OTP,0,20140124,101154,4512,300
OTP,0,20140124,101154,4511,1000
OTP,0,20140124,101200,4511,1000
OTP,0,20140124,101201,4511,1000
OTP,0,20140124,101205,4511,100
OTP,0,20140124,101208,4511,1000
OTP,0,20140124,101208,4511,194
OTP,0,20140124,101208,4510,806
OTP,0,20140124,101210,4510,3000
OTP,0,20140124,101223,4512,800
OTP,0,20140124,101223,4511,5856
OTP,0,20140124,101226,4511,400
OTP,0,20140124,101227,4512,200
OTP,0,20140124,101228,4512,1000
OTP,0,20140124,101229,4512,263
OTP,0,20140124,101229,4511,2737
OTP,0,20140124,101234,4515,270
OTP,0,20140124,101235,4515,991
OTP,0,20140124,101242,4511,1000
OTP,0,20140124,101245,4511,1000
OTP,0,20140124,101304,4511,1200
OTP,0,20140124,101304,4511,1000
OTP,0,20140124,101304,4511,953
OTP,0,20140124,101304,4510,47
OTP,0,20140124,101309,4514,2000
OTP,0,20140124,101344,4513,13
OTP,0,20140124,101348,4511,190
OTP,0,20140124,101355,4510,15589
OTP,0,20140124,101356,4510,3000
OTP,0,20140124,101359,4511,3000
OTP,0,20140124,101401,4511,883
OTP,0,20140124,101402,4511,795
OTP,0,20140124,101402,4510,205
OTP,0,20140124,101403,4510,1000
OTP,0,20140124,101404,4510,100
OTP,0,20140124,101405,4510,1153
OTP,0,20140124,101408,4510,4000
OTP,0,20140124,101411,4511,15
OTP,0,20140124,101416,4511,408
OTP,0,20140124,101418,4511,3000
OTP,0,20140124,101418,4511,425
OTP,0,20140124,101418,4510,4575
OTP,0,20140124,101421,4510,2051
OTP,0,20140124,101425,4511,70
OTP,0,20140124,101442,4511,2000
OTP,0,20140124,101516,4518,111
OTP,0,20140124,101516,4519,50
OTP,0,20140124,101516,4520,2792
OTP,0,20140124,101522,4521,1042
OTP,0,20140124,101527,4520,110
OTP,0,20140124,101534,4522,44
OTP,0,20140124,101535,4521,203
OTP,0,20140124,101536,4521,5000
OTP,0,20140124,101539,4521,1038
OTP,0,20140124,101545,4526,50
OTP,0,20140124,101545,4526,350
OTP,0,20140124,101547,4527,400
OTP,0,20140124,101553,4527,44
OTP,0,20140124,101554,4527,812
OTP,0,20140124,101555,4527,2564
OTP,0,20140124,101619,4523,667
OTP,0,20140124,101622,4522,200
OTP,0,20140124,101627,4520,1166
OTP,0,20140124,101630,4518,30
OTP,0,20140124,101636,4515,2000
OTP,0,20140124,101640,4512,30
OTP,0,20140124,101647,4511,2076
OTP,0,20140124,101650,4514,36
OTP,0,20140124,101716,4511,500
OTP,0,20140124,101719,4511,1800
OTP,0,20140124,101719,4510,6063
OTP,0,20140124,101723,4511,2785
OTP,0,20140124,101725,4510,3271
OTP,0,20140124,101736,4511,223
OTP,0,20140124,101741,4512,400
OTP,0,20140124,101743,4511,100
OTP,0,20140124,101746,4512,2000
OTP,0,20140124,101747,4511,553
OTP,0,20140124,101748,4512,200
OTP,0,20140124,101750,4512,1400
OTP,0,20140124,101818,4513,150
OTP,0,20140124,101826,4513,200
OTP,0,20140124,101827,4513,50
OTP,0,20140124,101836,4512,4913
OTP,0,20140124,101836,4512,226
OTP,0,20140124,101837,4511,487
OTP,0,20140124,101845,4511,2377
OTP,0,20140124,101845,4510,1623
OTP,0,20140124,101846,4510,947
OTP,0,20140124,101856,4513,40
OTP,0,20140124,101910,4510,4000
OTP,0,20140124,101910,4510,1014
OTP,0,20140124,101919,4510,542
OTP,0,20140124,101924,4510,500
OTP,0,20140124,101924,4512,400
OTP,0,20140124,101929,4512,24
OTP,0,20140124,101929,4513,176
OTP,0,20140124,101929,4510,2000
OTP,0,20140124,101929,4510,436
OTP,0,20140124,101934,4510,5000
OTP,0,20140124,101935,4510,1205
OTP,0,20140124,101952,4511,89
OTP,0,20140124,101959,4513,50
OTP,0,20140124,102001,4511,4867
OTP,0,20140124,102002,4511,1383
OTP,0,20140124,102021,4511,3541
OTP,0,20140124,102021,4510,459
OTP,0,20140124,102022,4510,728
OTP,0,20140124,102054,4510,2000
OTP,0,20140124,102055,4510,660
OTP,0,20140124,102100,4512,1500
OTP,0,20140124,102101,4510,415
OTP,0,20140124,102104,4513,1055
OTP,0,20140124,102123,4510,1874
OTP,0,20140124,102130,4513,500
OTP,0,20140124,102309,4512,200
OTP,0,20140124,102313,4512,4300
OTP,0,20140124,102313,4511,250
OTP,0,20140124,102313,4510,839
OTP,0,20140124,102332,4511,100
OTP,0,20140124,102332,4510,9900
OTP,0,20140124,102333,4510,200
OTP,0,20140124,102335,4510,100
OTP,0,20140124,102336,4512,2000
OTP,0,20140124,102338,4512,3000
OTP,0,20140124,102338,4510,7000
OTP,0,20140124,102347,4510,7109
OTP,0,20140124,102348,4510,701
OTP,0,20140124,102355,4508,100
OTP,0,20140124,102405,4507,35
OTP,0,20140124,102405,4506,2065
OTP,0,20140124,102405,4505,5900
OTP,0,20140124,102407,4506,907
OTP,0,20140124,102407,4505,4415
OTP,0,20140124,102411,4505,1300
OTP,0,20140124,102414,4505,378
OTP,0,20140124,102430,4505,2723
OTP,0,20140124,102437,4505,2000
OTP,0,20140124,102437,4504,4
OTP,0,20140124,102437,4503,640
OTP,0,20140124,102437,4502,710
OTP,0,20140124,102437,4501,1156
OTP,0,20140124,102437,4501,50
OTP,0,20140124,102441,4501,2692
OTP,0,20140124,102441,4500,7308
OTP,0,20140124,102441,4500,50
OTP,0,20140124,102441,4500,1000
OTP,0,20140124,102444,4501,1000
OTP,0,20140124,102445,4502,60
OTP,0,20140124,102445,4501,127
OTP,0,20140124,102445,4500,813
OTP,0,20140124,102445,4500,1000
OTP,0,20140124,102501,4501,61
OTP,0,20140124,102504,4501,1700
OTP,0,20140124,102519,4501,300
OTP,0,20140124,102524,4501,2112
OTP,0,20140124,102524,4500,2665
OTP,0,20140124,102545,4501,1704
OTP,0,20140124,102547,4505,2000
OTP,0,20140124,102551,4500,5742
OTP,0,20140124,102555,4500,1
OTP,0,20140124,102601,4500,972
OTP,0,20140124,102608,4499,30
OTP,0,20140124,102612,4500,10
OTP,0,20140124,102613,4498,325
OTP,0,20140124,102617,4496,50
OTP,0,20140124,102621,4495,541
OTP,0,20140124,102621,4493,500
OTP,0,20140124,102624,4493,1550
OTP,0,20140124,102628,4492,3475
OTP,0,20140124,102630,4492,767
OTP,0,20140124,102630,4491,76
OTP,0,20140124,102630,4490,157
OTP,0,20140124,102630,4490,20
OTP,0,20140124,102630,4490,20
OTP,0,20140124,102636,4491,390
OTP,0,20140124,102636,4491,1610
OTP,0,20140124,102636,4490,5576
OTP,0,20140124,102656,4492,200
OTP,0,20140124,102657,4491,23
OTP,0,20140124,102705,4491,1466
OTP,0,20140124,102705,4490,1000
OTP,0,20140124,102705,4488,115
OTP,0,20140124,102709,4488,869
OTP,0,20140124,102717,4486,188
OTP,0,20140124,102717,4485,1012
OTP,0,20140124,102717,4485,15
OTP,0,20140124,102717,4485,12
OTP,0,20140124,102717,4485,522
OTP,0,20140124,102717,4485,190
OTP,0,20140124,102717,4485,30
OTP,0,20140124,102718,4485,625
OTP,0,20140124,102720,4490,35
OTP,0,20140124,102728,4491,1
OTP,0,20140124,102733,4491,2999
OTP,0,20140124,102738,4498,1
OTP,0,20140124,102749,4498,399
OTP,0,20140124,102814,4495,250
OTP,0,20140124,102819,4492,50
OTP,0,20140124,102819,4491,2980
OTP,0,20140124,102819,4490,2465
OTP,0,20140124,102827,4492,54
OTP,0,20140124,102827,4491,807
OTP,0,20140124,102841,4487,200
OTP,0,20140124,102843,4490,20
OTP,0,20140124,102849,4487,955
OTP,0,20140124,102851,4490,160
OTP,0,20140124,102908,4488,50
OTP,0,20140124,102908,4487,1345
OTP,0,20140124,102908,4486,218
OTP,0,20140124,102908,4485,3053
OTP,0,20140124,102908,4484,120
OTP,0,20140124,102908,4482,3045
OTP,0,20140124,102908,4481,732
OTP,0,20140124,102908,4480,5834
OTP,0,20140124,102908,4479,90
OTP,0,20140124,102908,4476,220
OTP,0,20140124,102908,4475,190
OTP,0,20140124,102908,4475,98
OTP,0,20140124,102908,4475,30
OTP,0,20140124,102908,4475,400
OTP,0,20140124,102908,4475,85
OTP,0,20140124,102908,4480,50
OTP,0,20140124,102909,4480,1176
OTP,0,20140124,102913,4480,100
OTP,0,20140124,102916,4480,5000
OTP,0,20140124,102920,4480,260
OTP,0,20140124,102929,4482,50
OTP,0,20140124,102935,4482,50
OTP,0,20140124,102937,4480,1950
OTP,0,20140124,102946,4480,20
OTP,0,20140124,102950,4477,14
OTP,0,20140124,102952,4480,842
OTP,0,20140124,102957,4480,709
OTP,0,20140124,102958,4490,430
OTP,0,20140124,103002,4490,500
OTP,0,20140124,103002,4490,70
OTP,0,20140124,103017,4485,1000
OTP,0,20140124,103022,4481,250
OTP,0,20140124,103022,4480,1750
OTP,0,20140124,103026,4482,400
OTP,0,20140124,103026,4480,9826
OTP,0,20140124,103027,4477,9
OTP,0,20140124,103027,4476,250
OTP,0,20140124,103027,4475,341
OTP,0,20140124,103032,4480,3000
OTP,0,20140124,103038,4480,20
OTP,0,20140124,103056,4475,1504
OTP,0,20140124,103057,4475,3050
OTP,0,20140124,103057,4475,1112
OTP,0,20140124,103100,4475,392
OTP,0,20140124,103104,4472,1000
OTP,0,20140124,103104,4472,37
OTP,0,20140124,103104,4471,100
OTP,0,20140124,103104,4470,63
OTP,0,20140124,103104,4470,200
OTP,0,20140124,103116,4472,1000
OTP,0,20140124,103131,4480,2000
OTP,0,20140124,103132,4473,500
OTP,0,20140124,103132,4472,1300
OTP,0,20140124,103211,4485,22
OTP,0,20140124,103229,4480,100
OTP,0,20140124,103229,4476,100
OTP,0,20140124,103229,4475,1400
OTP,0,20140124,103301,4475,2000
OTP,0,20140124,103317,4480,25
OTP,0,20140124,103321,4480,75
OTP,0,20140124,103352,4485,2422
OTP,0,20140124,103353,4485,400
OTP,0,20140124,103354,4483,76
OTP,0,20140124,103418,4482,25
OTP,0,20140124,103433,4482,975
OTP,0,20140124,103433,4485,446
OTP,0,20140124,103514,4492,50
OTP,0,20140124,103518,4497,745
OTP,0,20140124,103523,4495,1000
OTP,0,20140124,103527,4498,705
OTP,0,20140124,103529,4497,100
OTP,0,20140124,103606,4497,50
OTP,0,20140124,103621,4492,500
OTP,0,20140124,103624,4497,100
OTP,0,20140124,103628,4498,2400
OTP,0,20140124,103743,4492,10
OTP,0,20140124,103744,4492,40
OTP,0,20140124,103756,4498,2000
OTP,0,20140124,103759,4498,173
OTP,0,20140124,103803,4499,1000
OTP,0,20140124,103803,4500,691
OTP,0,20140124,103803,4500,3000
OTP,0,20140124,103806,4500,889
OTP,0,20140124,103810,4507,23
OTP,0,20140124,103814,4510,210
OTP,0,20140124,103837,4502,220
OTP,0,20140124,103837,4501,1780
OTP,0,20140124,103916,4500,50
OTP,0,20140124,103925,4510,995
OTP,0,20140124,103928,4512,50
OTP,0,20140124,103932,4515,900
OTP,0,20140124,103932,4516,150
OTP,0,20140124,103932,4516,150
OTP,0,20140124,103932,4517,25
OTP,0,20140124,103932,4518,176
OTP,0,20140124,103936,4518,250
OTP,0,20140124,103942,4505,10
OTP,0,20140124,103942,4500,10
OTP,0,20140124,104002,4500,97
OTP,0,20140124,104130,4510,50
OTP,0,20140124,104145,4510,100
OTP,0,20140124,104200,4510,100
OTP,0,20140124,104212,4510,100
OTP,0,20140124,104239,4513,20
OTP,0,20140124,104240,4510,798
OTP,0,20140124,104250,4513,90
OTP,0,20140124,104311,4510,12
OTP,0,20140124,104322,4513,20
OTP,0,20140124,104356,4513,200
OTP,0,20140124,104358,4513,70
OTP,0,20140124,104402,4515,588
OTP,0,20140124,104403,4515,687
OTP,0,20140124,104423,4515,300
OTP,0,20140124,104425,4515,120
OTP,0,20140124,104427,4515,305
OTP,0,20140124,104435,4515,20
OTP,0,20140124,104435,4518,40
OTP,0,20140124,104435,4519,140
OTP,0,20140124,104553,4513,446
OTP,0,20140124,104559,4511,400
OTP,0,20140124,104605,4511,54
OTP,0,20140124,104610,4511,200
OTP,0,20140124,104623,4518,80
OTP,0,20140124,104623,4519,429
OTP,0,20140124,104623,4520,191
OTP,0,20140124,104712,4518,74
OTP,0,20140124,104712,4519,126
OTP,0,20140124,104733,4519,100
OTP,0,20140124,104738,4519,10
OTP,0,20140124,104739,4519,114
OTP,0,20140124,104744,4519,200
OTP,0,20140124,104748,4520,256
OTP,0,20140124,104807,4520,30
OTP,0,20140124,104831,4513,500
OTP,0,20140124,104837,4519,50
OTP,0,20140124,104900,4519,50
OTP,0,20140124,104917,4519,120
OTP,0,20140124,104944,4513,500
OTP,0,20140124,105052,4518,50
OTP,0,20140124,105114,4513,302
OTP,0,20140124,105114,4512,785
OTP,0,20140124,105114,4511,125
OTP,0,20140124,105114,4510,400
OTP,0,20140124,105120,4509,72
OTP,0,20140124,105126,4507,8
OTP,0,20140124,105142,4507,92
OTP,0,20140124,105142,4506,6
OTP,0,20140124,105142,4505,2
OTP,0,20140124,105214,4506,250
OTP,0,20140124,105321,4506,50
OTP,0,20140124,105321,4503,320
OTP,0,20140124,105329,4503,200
OTP,0,20140124,105436,4506,23
OTP,0,20140124,105436,4503,110
OTP,0,20140124,105438,4503,464
OTP,0,20140124,105535,4503,577
OTP,0,20140124,105550,4502,400
OTP,0,20140124,105554,4501,1010
OTP,0,20140124,105600,4500,115
OTP,0,20140124,105600,4500,1238
OTP,0,20140124,105659,4495,485
OTP,0,20140124,105740,4496,100
OTP,0,20140124,105808,4495,3400
OTP,0,20140124,105812,4495,781
OTP,0,20140124,105821,4495,10
OTP,0,20140124,105821,4493,1000
OTP,0,20140124,105844,4492,2555
OTP,0,20140124,105854,4492,806
OTP,0,20140124,105854,4491,904
OTP,0,20140124,105859,4491,1096
OTP,0,20140124,105902,4490,1000
OTP,0,20140124,105920,4490,1050
OTP,0,20140124,105943,4488,510
OTP,0,20140124,105946,4485,377
OTP,0,20140124,105949,4485,33
OTP,0,20140124,105953,4485,377
OTP,0,20140124,105959,4490,100
OTP,0,20140124,110028,4485,50
OTP,0,20140124,110032,4481,200
OTP,0,20140124,110036,4480,1662
OTP,0,20140124,110111,4489,1000
OTP,0,20140124,110153,4489,1000
OTP,0,20140124,110154,4481,23
OTP,0,20140124,110437,4483,200
OTP,0,20140124,110437,4482,800
OTP,0,20140124,110437,4482,7
OTP,0,20140124,110448,4483,100
OTP,0,20140124,110448,4482,400
OTP,0,20140124,110453,4482,1039
OTP,0,20140124,110500,4483,500
OTP,0,20140124,110500,4481,1826
OTP,0,20140124,110500,4480,3354
OTP,0,20140124,110503,4480,500
OTP,0,20140124,110507,4479,543
OTP,0,20140124,110522,4480,400
OTP,0,20140124,110522,4480,800
OTP,0,20140124,110523,4480,16
OTP,0,20140124,110526,4480,2654
OTP,0,20140124,110534,4480,2000
OTP,0,20140124,110548,4480,654
OTP,0,20140124,110552,4480,1346
OTP,0,20140124,110613,4480,150
OTP,0,20140124,110616,4480,850
OTP,0,20140124,110629,4480,850
OTP,0,20140124,110633,4481,265
OTP,0,20140124,110653,4479,50
OTP,0,20140124,110653,4478,150
OTP,0,20140124,110710,4478,16
OTP,0,20140124,110734,4480,895
OTP,0,20140124,110744,4481,735
OTP,0,20140124,110752,4485,500
OTP,0,20140124,110753,4485,63
OTP,0,20140124,110758,4486,500
OTP,0,20140124,110813,4488,174
OTP,0,20140124,110814,4485,2000
OTP,0,20140124,110825,4486,2000
OTP,0,20140124,110836,4488,1406
OTP,0,20140124,110836,4489,500
OTP,0,20140124,110836,4490,94
OTP,0,20140124,110838,4486,500
OTP,0,20140124,110858,4490,50
OTP,0,20140124,110927,4488,352
OTP,0,20140124,110934,4485,172
OTP,0,20140124,110941,4485,10
OTP,0,20140124,111110,4488,50
OTP,0,20140124,111150,4488,50
OTP,0,20140124,111158,4485,200
OTP,0,20140124,111227,4488,200
OTP,0,20140124,111328,4488,589
OTP,0,20140124,111328,4489,700
OTP,0,20140124,111328,4490,1000
OTP,0,20140124,111357,4492,485
OTP,0,20140124,111357,4491,1975
OTP,0,20140124,111358,4493,50
OTP,0,20140124,111411,4494,2000
OTP,0,20140124,111414,4494,242
OTP,0,20140124,111458,4494,135
OTP,0,20140124,111513,4499,64
OTP,0,20140124,111600,4496,253
OTP,0,20140124,111636,4498,40
OTP,0,20140124,111643,4496,303
OTP,0,20140124,111643,4495,506
OTP,0,20140124,111649,4495,500
OTP,0,20140124,111706,4495,191
OTP,0,20140124,111710,4495,45
OTP,0,20140124,111736,4495,1500
OTP,0,20140124,111943,4495,75
OTP,0,20140124,112103,4498,50
OTP,0,20140124,112307,4498,500
OTP,0,20140124,112354,4496,1000
OTP,0,20140124,112359,4496,940
OTP,0,20140124,112408,4496,1000
OTP,0,20140124,112443,4495,98
OTP,0,20140124,112448,4493,1569
OTP,0,20140124,112453,4492,1500
OTP,0,20140124,112457,4492,50
OTP,0,20140124,112500,4492,1089
OTP,0,20140124,112500,4491,1418
OTP,0,20140124,112500,4490,3211
OTP,0,20140124,112511,4485,1044
OTP,0,20140124,112511,4485,699
OTP,0,20140124,112520,4485,3000
OTP,0,20140124,112523,4485,2000
OTP,0,20140124,112524,4485,653
OTP,0,20140124,112533,4489,1525
OTP,0,20140124,112549,4485,10
OTP,0,20140124,112555,4490,100
OTP,0,20140124,112604,4490,1000
OTP,0,20140124,112627,4490,1025
OTP,0,20140124,112832,4490,100
OTP,0,20140124,112946,4490,20
OTP,0,20140124,112950,4486,220
OTP,0,20140124,112950,4485,6
OTP,0,20140124,113012,4490,305
OTP,0,20140124,113122,4490,1000
OTP,0,20140124,113129,4490,420
OTP,0,20140124,113202,4490,580
OTP,0,20140124,113319,4490,500
OTP,0,20140124,113451,4489,2000
OTP,0,20140124,113452,4488,300
OTP,0,20140124,113525,4490,200
OTP,0,20140124,113605,4490,333
OTP,0,20140124,113609,4494,500
OTP,0,20140124,113628,4490,525
OTP,0,20140124,113843,4486,30
OTP,0,20140124,113843,4485,4185
OTP,0,20140124,113843,4490,982
OTP,0,20140124,113901,4490,100
OTP,0,20140124,114007,4490,1000
OTP,0,20140124,114015,4490,500
OTP,0,20140124,114311,4490,60
OTP,0,20140124,114618,4490,1500
OTP,0,20140124,114619,4487,646
OTP,0,20140124,114637,4490,683
OTP,0,20140124,114930,4491,70
OTP,0,20140124,114930,4490,30
OTP,0,20140124,115006,4494,20
OTP,0,20140124,115007,4490,20
OTP,0,20140124,115120,4490,700
OTP,0,20140124,115156,4494,980
OTP,0,20140124,115156,4495,1020
OTP,0,20140124,115156,4494,285
OTP,0,20140124,115238,4490,1084
OTP,0,20140124,115239,4488,446
OTP,0,20140124,115240,4488,554
OTP,0,20140124,115335,4485,2000
OTP,0,20140124,115336,4485,395
OTP,0,20140124,115341,4485,231
OTP,0,20140124,115420,4484,21
OTP,0,20140124,115420,4483,610
OTP,0,20140124,115420,4482,726
OTP,0,20140124,115420,4481,4050
OTP,0,20140124,115420,4480,1593
OTP,0,20140124,115420,4485,821
OTP,0,20140124,115420,4480,608
OTP,0,20140124,115431,4480,200
OTP,0,20140124,115432,4479,28
OTP,0,20140124,115432,4478,1834
OTP,0,20140124,115458,4478,400
OTP,0,20140124,115503,4479,600
OTP,0,20140124,115517,4479,783
OTP,0,20140124,115517,4483,50
OTP,0,20140124,115517,4484,367
OTP,0,20140124,115531,4477,6
OTP,0,20140124,115532,4476,2080
OTP,0,20140124,115536,4475,5475
OTP,0,20140124,115536,4473,200
OTP,0,20140124,115537,4472,1320
OTP,0,20140124,115540,4474,300
OTP,0,20140124,115550,4472,1105
OTP,0,20140124,115554,4472,1302
OTP,0,20140124,115602,4472,404
OTP,0,20140124,115612,4471,3841
OTP,0,20140124,115613,4471,434
OTP,0,20140124,115614,4470,1414
OTP,0,20140124,115726,4471,386
OTP,0,20140124,115730,4471,14
OTP,0,20140124,115730,4470,3497
OTP,0,20140124,115730,4470,856
OTP,0,20140124,115733,4472,14
OTP,0,20140124,115738,4472,26
OTP,0,20140124,115752,4470,401
OTP,0,20140124,115809,4471,37
OTP,0,20140124,115825,4472,200
OTP,0,20140124,115846,4471,163
OTP,0,20140124,115857,4470,300
OTP,0,20140124,115913,4470,50
OTP,0,20140124,115914,4470,1059
OTP,0,20140124,115915,4469,430
OTP,0,20140124,115920,4469,207
OTP,0,20140124,115920,4468,87
OTP,0,20140124,115920,4467,6
OTP,0,20140124,115932,4467,245
OTP,0,20140124,115932,4467,232
OTP,0,20140124,120018,4467,34
OTP,0,20140124,120036,4466,30
OTP,0,20140124,120117,4467,412
OTP,0,20140124,120125,4466,755
OTP,0,20140124,120126,4465,507
OTP,0,20140124,120132,4466,245
OTP,0,20140124,120135,4466,155
OTP,0,20140124,120135,4466,40
OTP,0,20140124,120144,4466,100
OTP,0,20140124,120149,4466,2000
OTP,0,20140124,120154,4466,400
OTP,0,20140124,120155,4466,35
OTP,0,20140124,120158,4467,407
OTP,0,20140124,120202,4470,1274
OTP,0,20140124,120207,4470,399
OTP,0,20140124,120208,4471,334
OTP,0,20140124,120358,4468,200
OTP,0,20140124,120528,4468,30
OTP,0,20140124,120730,4469,100
OTP,0,20140124,120730,4468,70
OTP,0,20140124,120730,4466,556
OTP,0,20140124,120730,4465,274
OTP,0,20140124,120757,4465,1000
OTP,0,20140124,120804,4465,318
OTP,0,20140124,120818,4465,573
OTP,0,20140124,120917,4470,50
OTP,0,20140124,120922,4470,80
OTP,0,20140124,121116,4469,350
OTP,0,20140124,121132,4465,50
OTP,0,20140124,121139,4465,1350
OTP,0,20140124,121140,4463,35
OTP,0,20140124,121140,4462,200
OTP,0,20140124,121140,4461,436
OTP,0,20140124,121140,4461,50
OTP,0,20140124,121145,4461,1534
OTP,0,20140124,121145,4460,420
OTP,0,20140124,121145,4460,220
OTP,0,20140124,121147,4465,1069
OTP,0,20140124,121221,4465,10
OTP,0,20140124,121248,4465,11
OTP,0,20140124,121305,4462,65
OTP,0,20140124,121305,4461,14
OTP,0,20140124,121317,4461,86
OTP,0,20140124,121317,4460,914
OTP,0,20140124,121418,4465,20
OTP,0,20140124,121436,4462,100
OTP,0,20140124,121436,4460,735
OTP,0,20140124,121455,4465,20
OTP,0,20140124,121455,4462,51
OTP,0,20140124,121521,4462,51
OTP,0,20140124,121521,4460,749
OTP,0,20140124,121538,4465,44
OTP,0,20140124,121613,4462,326
OTP,0,20140124,121615,4462,240
OTP,0,20140124,121649,4460,100
OTP,0,20140124,121727,4462,400
OTP,0,20140124,121739,4462,100
OTP,0,20140124,121743,4462,308
OTP,0,20140124,121744,4462,692
OTP,0,20140124,121749,4463,1377
OTP,0,20140124,121801,4465,1353
OTP,0,20140124,121801,4465,1647
OTP,0,20140124,121843,4462,200
OTP,0,20140124,121843,4461,2000
OTP,0,20140124,121844,4460,386
OTP,0,20140124,121844,4460,604
OTP,0,20140124,121850,4461,2000
OTP,0,20140124,121850,4460,3000
OTP,0,20140124,121850,4460,736
OTP,0,20140124,121850,4460,557
OTP,0,20140124,121853,4460,30
OTP,0,20140124,121902,4461,1525
OTP,0,20140124,121902,4460,611
OTP,0,20140124,121902,4461,1715
OTP,0,20140124,121903,4461,806
OTP,0,20140124,121903,4461,399
OTP,0,20140124,121905,4462,739
OTP,0,20140124,121908,4462,384
OTP,0,20140124,121916,4462,700
OTP,0,20140124,121921,4462,200
OTP,0,20140124,121923,4462,100
OTP,0,20140124,121933,4462,2000
OTP,0,20140124,121933,4461,398
OTP,0,20140124,121952,4461,432
OTP,0,20140124,122106,4462,100
OTP,0,20140124,122120,4463,2587
OTP,0,20140124,122120,4461,450
OTP,0,20140124,122120,4461,2037
OTP,0,20140124,122132,4460,202
OTP,0,20140124,122132,4459,15
OTP,0,20140124,122132,4458,50
OTP,0,20140124,122132,4457,200
OTP,0,20140124,122218,4458,100
OTP,0,20140124,122218,4457,90
OTP,0,20140124,122218,4456,60
OTP,0,20140124,122232,4460,341
OTP,0,20140124,122244,4456,50
OTP,0,20140124,122356,4460,430
OTP,0,20140124,122514,4463,350
OTP,0,20140124,122532,4461,43
OTP,0,20140124,122542,4464,278
OTP,0,20140124,122545,4464,100
OTP,0,20140124,122608,4463,400
OTP,0,20140124,122615,4463,100
OTP,0,20140124,122705,4463,50
OTP,0,20140124,122730,4463,570
OTP,0,20140124,122801,4463,80
OTP,0,20140124,122807,4463,697
OTP,0,20140124,122808,4463,730
OTP,0,20140124,122809,4463,437
OTP,0,20140124,122826,4464,100
OTP,0,20140124,122833,4464,57
OTP,0,20140124,122857,4464,50
OTP,0,20140124,122954,4464,60
OTP,0,20140124,122954,4463,2691
OTP,0,20140124,122954,4461,2076
OTP,0,20140124,122954,4460,1073
OTP,0,20140124,122956,4460,579
OTP,0,20140124,123016,4460,407
OTP,0,20140124,123103,4463,1000
OTP,0,20140124,123156,4461,434
OTP,0,20140124,123239,4461,100
OTP,0,20140124,123248,4462,545
OTP,0,20140124,123318,4462,345
OTP,0,20140124,123338,4462,1200
OTP,0,20140124,123339,4461,444
OTP,0,20140124,123353,4461,100
OTP,0,20140124,123400,4461,25
OTP,0,20140124,123530,4461,953
OTP,0,20140124,123530,4460,4486
OTP,0,20140124,123531,4459,436
OTP,0,20140124,123531,4458,131
OTP,0,20140124,123531,4457,180
OTP,0,20140124,123535,4457,1041
OTP,0,20140124,123706,4457,50
OTP,0,20140124,123710,4456,2200
OTP,0,20140124,123711,4456,603
OTP,0,20140124,123724,4456,500
OTP,0,20140124,123724,4456,1944
OTP,0,20140124,123736,4456,887
OTP,0,20140124,123752,4456,500
OTP,0,20140124,123831,4457,50
OTP,0,20140124,123835,4459,100
OTP,0,20140124,123904,4459,721
OTP,0,20140124,123908,4460,390
OTP,0,20140124,124111,4457,1000
OTP,0,20140124,124116,4457,989
OTP,0,20140124,124116,4456,2349
OTP,0,20140124,124443,4453,56282
OTP,0,20140124,124443,4453,18
OTP,0,20140124,124446,4453,260
OTP,0,20140124,124446,4455,80
OTP,0,20140124,124449,4453,200
OTP,0,20140124,124451,4453,1245
OTP,0,20140124,124451,4453,978
OTP,0,20140124,124452,4453,392
OTP,0,20140124,124454,4455,100
OTP,0,20140124,124456,4453,636
OTP,0,20140124,124509,4453,3344
OTP,0,20140124,124509,4453,501
OTP,0,20140124,124509,4451,299
OTP,0,20140124,124517,4451,413
OTP,0,20140124,124532,4453,377
OTP,0,20140124,124532,4453,418
OTP,0,20140124,124532,4453,844
OTP,0,20140124,124544,4455,1020
OTP,0,20140124,124553,4453,528
OTP,0,20140124,124555,4455,3182
OTP,0,20140124,124555,4455,440
OTP,0,20140124,124555,4455,411
OTP,0,20140124,124555,4453,660
OTP,0,20140124,124555,4455,10
OTP,0,20140124,124611,4453,2000
OTP,0,20140124,124614,4453,50
OTP,0,20140124,124617,4453,313
OTP,0,20140124,124618,4453,1687
OTP,0,20140124,124640,4455,100
OTP,0,20140124,124648,4455,200
OTP,0,20140124,124651,4455,426
OTP,0,20140124,124714,4460,95
OTP,0,20140124,124725,4456,50
OTP,0,20140124,124732,4456,100
OTP,0,20140124,124813,4456,50
OTP,0,20140124,124820,4453,363
OTP,0,20140124,124849,4455,50
OTP,0,20140124,124849,4453,124
OTP,0,20140124,124852,4459,50
OTP,0,20140124,124910,4453,88
OTP,0,20140124,124924,4459,50
OTP,0,20140124,124928,4454,50
OTP,0,20140124,124928,4453,400
OTP,0,20140124,124948,4453,174
OTP,0,20140124,125011,4455,65
OTP,0,20140124,125021,4453,174
OTP,0,20140124,125025,4455,50
OTP,0,20140124,125025,4453,100
OTP,0,20140124,125041,4455,500
OTP,0,20140124,125106,4453,376
OTP,0,20140124,125143,4455,100
OTP,0,20140124,125242,4455,170
OTP,0,20140124,125242,4454,16
OTP,0,20140124,125310,4455,832
OTP,0,20140124,125311,4455,1168
OTP,0,20140124,125316,4454,100
OTP,0,20140124,125316,4453,74
OTP,0,20140124,125328,4455,100
OTP,0,20140124,125346,4455,110
OTP,0,20140124,125353,4455,30
OTP,0,20140124,125454,4453,240
OTP,0,20140124,125604,4455,1219
OTP,0,20140124,125605,4455,437
OTP,0,20140124,125605,4455,821
OTP,0,20140124,125605,4455,1140
OTP,0,20140124,125705,4455,192
OTP,0,20140124,125710,4455,174
OTP,0,20140124,125743,4459,40
OTP,0,20140124,125757,4456,50
OTP,0,20140124,125757,4455,131
OTP,0,20140124,125815,4455,188
OTP,0,20140124,125816,4455,174
OTP,0,20140124,125823,4455,100
OTP,0,20140124,125838,4456,100
OTP,0,20140124,125838,4455,231
OTP,0,20140124,125850,4455,349
OTP,0,20140124,125851,4455,58
OTP,0,20140124,125929,4456,10
OTP,0,20140124,125939,4458,441
OTP,0,20140124,125953,4459,25
OTP,0,20140124,125959,4458,599
OTP,0,20140124,125959,4459,25
OTP,0,20140124,130006,4459,200
OTP,0,20140124,130008,4459,10
OTP,0,20140124,130018,4460,50
OTP,0,20140124,130032,4460,600
OTP,0,20140124,130036,4460,25
OTP,0,20140124,130045,4460,100
OTP,0,20140124,130048,4460,328
OTP,0,20140124,130104,4463,10
OTP,0,20140124,130105,4463,17
OTP,0,20140124,130120,4460,172
OTP,0,20140124,130141,4459,240
OTP,0,20140124,130204,4460,7
OTP,0,20140124,130222,4460,39
OTP,0,20140124,130234,4458,7440
OTP,0,20140124,130235,4458,931
OTP,0,20140124,130241,4458,2207
OTP,0,20140124,130242,4458,562
OTP,0,20140124,130244,4460,50
OTP,0,20140124,130247,4458,174
OTP,0,20140124,130248,4458,2169
OTP,0,20140124,130249,4458,73
OTP,0,20140124,130315,4459,50
OTP,0,20140124,130315,4458,70
OTP,0,20140124,130320,4460,100
OTP,0,20140124,130321,4460,30
OTP,0,20140124,130400,4460,100
OTP,0,20140124,130604,4460,30
OTP,0,20140124,130612,4460,5
OTP,0,20140124,130618,4460,330
OTP,0,20140124,130649,4460,574
OTP,0,20140124,130728,4463,500
OTP,0,20140124,130732,4464,200
OTP,0,20140124,130737,4465,1025
OTP,0,20140124,130741,4467,250
OTP,0,20140124,130742,4460,226
OTP,0,20140124,130755,4460,274
OTP,0,20140124,130833,4467,100
OTP,0,20140124,130857,4467,400
OTP,0,20140124,130857,4468,100
OTP,0,20140124,131053,4468,586
OTP,0,20140124,131108,4468,1414
OTP,0,20140124,131124,4467,500
OTP,0,20140124,131124,4468,617
OTP,0,20140124,131124,4468,617
OTP,0,20140124,131124,4468,266
OTP,0,20140124,131125,4461,303
OTP,0,20140124,131126,4460,14585
OTP,0,20140124,131133,4460,617
OTP,0,20140124,131133,4460,617
OTP,0,20140124,131133,4460,964
OTP,0,20140124,131149,4460,3802
OTP,0,20140124,131150,4459,535
OTP,0,20140124,131156,4460,617
OTP,0,20140124,131156,4458,897
OTP,0,20140124,131211,4460,366
OTP,0,20140124,131211,4460,617
OTP,0,20140124,131214,4460,1343
OTP,0,20140124,131229,4460,1397
OTP,0,20140124,131242,4460,10
OTP,0,20140124,131301,4460,995
OTP,0,20140124,131329,4460,4
OTP,0,20140124,131410,4458,50
OTP,0,20140124,131426,4460,200
OTP,0,20140124,131427,4457,406
OTP,0,20140124,131451,4457,495
OTP,0,20140124,131451,4457,10
OTP,0,20140124,131749,4457,874
OTP,0,20140124,131758,4460,23
OTP,0,20140124,132029,4460,227
OTP,0,20140124,132133,4465,10
OTP,0,20140124,132247,4468,10
OTP,0,20140124,132308,4467,16
OTP,0,20140124,132308,4466,40
OTP,0,20140124,132308,4465,444
OTP,0,20140124,132339,4468,100
OTP,0,20140124,132405,4468,500
OTP,0,20140124,132541,4465,76
OTP,0,20140124,132541,4464,16
OTP,0,20140124,132716,4465,58
OTP,0,20140124,132716,4464,742
OTP,0,20140124,132737,4465,35
OTP,0,20140124,132741,4467,170
OTP,0,20140124,132747,4467,200
OTP,0,20140124,132753,4465,298
OTP,0,20140124,132808,4464,133
OTP,0,20140124,132815,4460,1900
OTP,0,20140124,132816,4459,16
OTP,0,20140124,132816,4457,350
OTP,0,20140124,132933,4460,1020
OTP,0,20140124,132947,4460,413
OTP,0,20140124,133006,4460,12
OTP,0,20140124,133028,4460,500
OTP,0,20140124,133034,4460,15
OTP,0,20140124,133035,4460,250
OTP,0,20140124,133049,4460,50
OTP,0,20140124,133327,4458,400
OTP,0,20140124,133400,4460,1821
OTP,0,20140124,133400,4460,5
OTP,0,20140124,133506,4460,99
OTP,0,20140124,133515,4458,2000
OTP,0,20140124,133515,4458,529
OTP,0,20140124,133545,4458,71
OTP,0,20140124,133545,4457,1129
OTP,0,20140124,133600,4457,821
OTP,0,20140124,133601,4456,532
OTP,0,20140124,133603,4456,1000
OTP,0,20140124,133603,4456,441
OTP,0,20140124,133615,4456,500
OTP,0,20140124,133657,4457,996
OTP,0,20140124,133657,4458,4
OTP,0,20140124,133717,4456,50
OTP,0,20140124,133804,4457,200
OTP,0,20140124,133955,4458,200
OTP,0,20140124,134035,4457,100
OTP,0,20140124,134035,4456,6815
OTP,0,20140124,134036,4456,1638
OTP,0,20140124,134036,4456,2066
OTP,0,20140124,134037,4455,3672
OTP,0,20140124,134037,4455,560
OTP,0,20140124,134037,4455,364
OTP,0,20140124,134122,4455,367
OTP,0,20140124,134133,4455,525
OTP,0,20140124,134211,4457,1000
OTP,0,20140124,134212,4455,870
OTP,0,20140124,134310,4457,100
OTP,0,20140124,134344,4457,1000
OTP,0,20140124,134354,4457,40
OTP,0,20140124,134422,4457,50
OTP,0,20140124,134426,4455,100
OTP,0,20140124,134459,4457,1500
OTP,0,20140124,134500,4457,376
OTP,0,20140124,134612,4460,300
OTP,0,20140124,134649,4457,524
OTP,0,20140124,134652,4457,600
OTP,0,20140124,134727,4457,35
OTP,0,20140124,134743,4457,565
OTP,0,20140124,134805,4457,35
OTP,0,20140124,134833,4457,391
OTP,0,20140124,134947,4457,1877
OTP,0,20140124,134948,4456,421
OTP,0,20140124,134948,4456,779
OTP,0,20140124,135004,4458,541
OTP,0,20140124,135012,4458,459
OTP,0,20140124,135125,4456,41
OTP,0,20140124,135127,4457,1905
OTP,0,20140124,135128,4456,159
OTP,0,20140124,135213,4457,100
OTP,0,20140124,135226,4455,1000
OTP,0,20140124,135241,4455,516
OTP,0,20140124,135401,4455,687
OTP,0,20140124,135402,4454,1150
OTP,0,20140124,135403,4453,472
OTP,0,20140124,135459,4454,916
OTP,0,20140124,135511,4453,410
OTP,0,20140124,135514,4453,894
OTP,0,20140124,135515,4452,450
OTP,0,20140124,135516,4452,1165
OTP,0,20140124,135516,4452,401
OTP,0,20140124,135518,4452,1121
OTP,0,20140124,135518,4451,504
OTP,0,20140124,135523,4451,2406
OTP,0,20140124,135523,4451,613
OTP,0,20140124,135523,4451,498
OTP,0,20140124,135525,4450,1500
OTP,0,20140124,135526,4450,5000
OTP,0,20140124,135526,4450,1684
OTP,0,20140124,135526,4450,1732
OTP,0,20140124,135526,4450,1666
OTP,0,20140124,135526,4450,2000
OTP,0,20140124,135527,4452,90
OTP,0,20140124,135527,4450,610
OTP,0,20140124,135527,4450,363
OTP,0,20140124,135527,4451,407
OTP,0,20140124,135527,4452,1142
OTP,0,20140124,135528,4450,145
OTP,0,20140124,135543,4449,50
OTP,0,20140124,135543,4448,50
OTP,0,20140124,135543,4446,50
OTP,0,20140124,135543,4446,50
OTP,0,20140124,135543,4446,500
OTP,0,20140124,135549,4450,2010
OTP,0,20140124,135550,4446,20
OTP,0,20140124,135554,4452,688
OTP,0,20140124,135556,4451,80
OTP,0,20140124,135607,4445,100
OTP,0,20140124,135607,4445,128
OTP,0,20140124,135607,4445,66
OTP,0,20140124,135607,4445,20
OTP,0,20140124,135622,4445,843
OTP,0,20140124,135643,4447,100
OTP,0,20140124,135701,4447,500
OTP,0,20140124,135702,4445,371
OTP,0,20140124,135755,4448,1000
OTP,0,20140124,135755,4446,10
OTP,0,20140124,135755,4445,426
OTP,0,20140124,135809,4445,1243
OTP,0,20140124,135831,4445,100
OTP,0,20140124,135834,4444,2000
OTP,0,20140124,135841,4444,400
OTP,0,20140124,135842,4444,763
OTP,0,20140124,135842,4442,8
OTP,0,20140124,135842,4441,229
OTP,0,20140124,135842,4441,21
OTP,0,20140124,135842,4441,50
OTP,0,20140124,135905,4446,328
OTP,0,20140124,135905,4447,725
OTP,0,20140124,135905,4447,450
OTP,0,20140124,135908,4447,10
OTP,0,20140124,135913,4448,500
OTP,0,20140124,135933,4450,9
OTP,0,20140124,135933,4447,987
OTP,0,20140124,135954,4451,845
OTP,0,20140124,140020,4442,500
OTP,0,20140124,140020,4441,4482
OTP,0,20140124,140020,4440,2458
OTP,0,20140124,140020,4440,1149
OTP,0,20140124,140038,4440,1224
OTP,0,20140124,140044,4440,500
OTP,0,20140124,140101,4440,66
OTP,0,20140124,140117,4438,40
OTP,0,20140124,140117,4437,300
OTP,0,20140124,140117,4436,200
OTP,0,20140124,140129,4442,1000
OTP,0,20140124,140145,4440,50
OTP,0,20140124,140145,4436,20
OTP,0,20140124,140145,4435,2122
OTP,0,20140124,140145,4433,20
OTP,0,20140124,140145,4431,1517
OTP,0,20140124,140341,4440,111
OTP,0,20140124,140341,4438,10
OTP,0,20140124,140425,4439,301
OTP,0,20140124,140455,4438,50
OTP,0,20140124,140523,4440,1000
OTP,0,20140124,140628,4440,100
OTP,0,20140124,140745,4440,341
OTP,0,20140124,140821,4440,985
OTP,0,20140124,140916,4448,100
OTP,0,20140124,140916,4450,33
OTP,0,20140124,141002,4454,67
OTP,0,20140124,141006,4455,155
OTP,0,20140124,141010,4457,578
OTP,0,20140124,141037,4455,200
OTP,0,20140124,141042,4455,100
OTP,0,20140124,141043,4455,1000
OTP,0,20140124,141045,4450,2999
OTP,0,20140124,141051,4450,163
OTP,0,20140124,141055,4450,454
OTP,0,20140124,141055,4450,546
OTP,0,20140124,141228,4445,50
OTP,0,20140124,141228,4441,400
OTP,0,20140124,141228,4440,1000
OTP,0,20140124,141241,4440,459
OTP,0,20140124,141303,4447,220
OTP,0,20140124,141319,4440,541
OTP,0,20140124,141319,4439,120
OTP,0,20140124,141319,4437,115
OTP,0,20140124,141319,4436,500
OTP,0,20140124,141319,4435,444
OTP,0,20140124,141327,4440,50
OTP,0,20140124,141344,4440,1000
OTP,0,20140124,141423,4443,25
OTP,0,20140124,141423,4440,597
OTP,0,20140124,141431,4443,200
OTP,0,20140124,141450,4440,423
OTP,0,20140124,141458,4440,71
OTP,0,20140124,141546,4443,285
OTP,0,20140124,141652,4443,628
OTP,0,20140124,141804,4447,214
OTP,0,20140124,141826,4447,566
OTP,0,20140124,141826,4448,427
OTP,0,20140124,141826,4449,200
OTP,0,20140124,141826,4450,3807
OTP,0,20140124,141855,4448,816
OTP,0,20140124,141859,4448,431
OTP,0,20140124,141928,4450,3753
OTP,0,20140124,141929,4450,550
OTP,0,20140124,141929,4450,439
OTP,0,20140124,141929,4450,445
OTP,0,20140124,142012,4451,250
OTP,0,20140124,142024,4451,106
OTP,0,20140124,142024,4450,1394
OTP,0,20140124,142052,4450,1500
OTP,0,20140124,142109,4450,1500
OTP,0,20140124,142127,4455,600
OTP,0,20140124,142151,4454,39
OTP,0,20140124,142202,4452,400
OTP,0,20140124,142222,4451,90
OTP,0,20140124,142223,4450,740
OTP,0,20140124,142331,4452,1000
OTP,0,20140124,142331,4450,381
OTP,0,20140124,142337,4452,727
OTP,0,20140124,142352,4453,500
OTP,0,20140124,142354,4453,3
OTP,0,20140124,142354,4454,27
OTP,0,20140124,142521,4452,273
OTP,0,20140124,142521,4451,337
OTP,0,20140124,142521,4450,190
OTP,0,20140124,142524,4453,640
OTP,0,20140124,142524,4454,134
OTP,0,20140124,142524,4455,155
OTP,0,20140124,142533,4455,200
OTP,0,20140124,142543,4454,200
OTP,0,20140124,142543,4455,2045
OTP,0,20140124,142544,4455,400
OTP,0,20140124,142544,4455,386
OTP,0,20140124,142544,4455,386
OTP,0,20140124,142547,4455,100
OTP,0,20140124,142607,4456,973
OTP,0,20140124,142614,4457,400
OTP,0,20140124,142616,4457,44
OTP,0,20140124,142616,4458,456
OTP,0,20140124,142631,4458,100
OTP,0,20140124,142701,4458,30
OTP,0,20140124,142712,4458,448
OTP,0,20140124,142728,4459,500
OTP,0,20140124,142728,4460,1300
OTP,0,20140124,142728,4460,200
OTP,0,20140124,142732,4459,176
OTP,0,20140124,142806,4460,579
OTP,0,20140124,142806,4457,105
OTP,0,20140124,142806,4456,226
OTP,0,20140124,142825,4457,50
OTP,0,20140124,142831,4457,800
OTP,0,20140124,142847,4457,153
OTP,0,20140124,142847,4457,385
OTP,0,20140124,142853,4460,80
OTP,0,20140124,142925,4459,300
OTP,0,20140124,142925,4460,700
OTP,0,20140124,142937,4460,20
OTP,0,20140124,143016,4460,180
OTP,0,20140124,143140,4460,784
OTP,0,20140124,143158,4463,1400
OTP,0,20140124,143206,4463,1545
OTP,0,20140124,143207,4463,425
OTP,0,20140124,143207,4463,1274
OTP,0,20140124,143226,4464,50
OTP,0,20140124,143250,4464,100
OTP,0,20140124,143250,4465,2000
OTP,0,20140124,143250,4463,444
OTP,0,20140124,143423,4464,150
OTP,0,20140124,143436,4463,312
OTP,0,20140124,143449,4463,483
OTP,0,20140124,143507,4460,370
OTP,0,20140124,143529,4463,150
OTP,0,20140124,143626,4462,150
OTP,0,20140124,143648,4463,1500
OTP,0,20140124,143654,4463,2000
OTP,0,20140124,143655,4460,243
OTP,0,20140124,143659,4463,1500
OTP,0,20140124,143704,4463,900
OTP,0,20140124,143705,4463,806
OTP,0,20140124,143705,4463,900
OTP,0,20140124,143712,4462,543
OTP,0,20140124,143712,4463,102
OTP,0,20140124,143745,4467,500
OTP,0,20140124,143745,4465,364
OTP,0,20140124,143753,4467,364
OTP,0,20140124,143753,4468,214
OTP,0,20140124,143815,4465,3000
OTP,0,20140124,143816,4465,438
OTP,0,20140124,144029,4468,52
OTP,0,20140124,144050,4468,100
OTP,0,20140124,144059,4468,225
OTP,0,20140124,144131,4466,364
OTP,0,20140124,144341,4467,168
OTP,0,20140124,144342,4467,292
OTP,0,20140124,144347,4468,50
OTP,0,20140124,144358,4468,319
OTP,0,20140124,144407,4469,790
OTP,0,20140124,144407,4470,973
OTP,0,20140124,144410,4469,703
OTP,0,20140124,144424,4470,1370
OTP,0,20140124,144425,4470,957
OTP,0,20140124,144425,4470,439
OTP,0,20140124,144425,4470,411
OTP,0,20140124,144440,4472,140
OTP,0,20140124,144440,4475,20
OTP,0,20140124,144454,4471,663
OTP,0,20140124,144522,4475,180
OTP,0,20140124,144526,4476,345
OTP,0,20140124,144616,4471,100
OTP,0,20140124,144634,4475,150
OTP,0,20140124,144636,4475,278
OTP,0,20140124,144636,4476,722
OTP,0,20140124,144656,4476,63
OTP,0,20140124,144809,4476,50
OTP,0,20140124,144921,4472,100
OTP,0,20140124,144921,4471,520
OTP,0,20140124,144950,4475,100
OTP,0,20140124,144954,4472,242
OTP,0,20140124,144954,4471,1758
OTP,0,20140124,144958,4471,6
OTP,0,20140124,145017,4471,1200
OTP,0,20140124,145157,4473,511
OTP,0,20140124,145157,4474,200
OTP,0,20140124,145157,4475,51
OTP,0,20140124,145244,4475,1765
OTP,0,20140124,145244,4476,535
OTP,0,20140124,145244,4473,423
OTP,0,20140124,145251,4475,1765
OTP,0,20140124,145257,4473,4666
OTP,0,20140124,145257,4471,1286
OTP,0,20140124,145257,4470,2033
OTP,0,20140124,145305,4470,1488
OTP,0,20140124,145312,4470,1000
OTP,0,20140124,145312,4470,446
OTP,0,20140124,145312,4470,1965
OTP,0,20140124,145313,4470,416
OTP,0,20140124,145314,4470,2000
OTP,0,20140124,145314,4470,436
OTP,0,20140124,145314,4471,50
OTP,0,20140124,145315,4471,1500
OTP,0,20140124,145316,4470,400
OTP,0,20140124,145316,4470,381
OTP,0,20140124,145316,4470,200
OTP,0,20140124,145317,4470,200
OTP,0,20140124,145323,4471,8
OTP,0,20140124,145328,4470,1045
OTP,0,20140124,145328,4469,792
OTP,0,20140124,145328,4468,172
OTP,0,20140124,145328,4467,2491
OTP,0,20140124,145329,4467,878
OTP,0,20140124,145329,4467,939
OTP,0,20140124,145343,4465,1500
OTP,0,20140124,145401,4465,703
OTP,0,20140124,145422,4465,599
OTP,0,20140124,145435,4465,248
OTP,0,20140124,145502,4467,62
OTP,0,20140124,145519,4461,2
OTP,0,20140124,145757,4464,47
OTP,0,20140124,145757,4465,976
OTP,0,20140124,145923,4465,115
OTP,0,20140124,150105,4462,200
OTP,0,20140124,150108,4461,110
OTP,0,20140124,150108,4460,108
OTP,0,20140124,150137,4460,400
OTP,0,20140124,150200,4460,500
OTP,0,20140124,150212,4460,427
OTP,0,20140124,150223,4460,569
OTP,0,20140124,150239,4456,23
OTP,0,20140124,150239,4455,37
OTP,0,20140124,150239,4455,50
OTP,0,20140124,150250,4460,10
OTP,0,20140124,150343,4455,19
OTP,0,20140124,150454,4460,100
OTP,0,20140124,150458,4460,292
OTP,0,20140124,150458,4462,403
OTP,0,20140124,150458,4463,305
OTP,0,20140124,150606,4457,500
OTP,0,20140124,150609,4457,500
OTP,0,20140124,150630,4456,20
OTP,0,20140124,150750,4460,50
OTP,0,20140124,150938,4459,60
OTP,0,20140124,150954,4459,181
OTP,0,20140124,150954,4456,100
OTP,0,20140124,151344,4456,25
OTP,0,20140124,151511,4456,115
OTP,0,20140124,151520,4455,916
OTP,0,20140124,151521,4454,581
OTP,0,20140124,151521,4454,308
OTP,0,20140124,151537,4453,418
OTP,0,20140124,151537,4452,582
OTP,0,20140124,151537,4452,50
OTP,0,20140124,151538,4452,368
OTP,0,20140124,151605,4455,502
OTP,0,20140124,151651,4453,351
OTP,0,20140124,151717,4455,280
OTP,0,20140124,151719,4453,300
OTP,0,20140124,151719,4452,2050
OTP,0,20140124,151719,4451,2756
OTP,0,20140124,151719,4450,1685
OTP,0,20140124,151720,4449,12
OTP,0,20140124,151720,4445,349
OTP,0,20140124,151720,4443,50
OTP,0,20140124,151741,4443,599
OTP,0,20140124,151856,4442,500
OTP,0,20140124,151856,4441,950
OTP,0,20140124,151859,4446,50
OTP,0,20140124,151903,4443,440
OTP,0,20140124,151903,4446,392
OTP,0,20140124,151903,4443,60
OTP,0,20140124,152037,4441,180
OTP,0,20140124,152052,4442,500
OTP,0,20140124,152052,4441,620
OTP,0,20140124,152052,4440,1392
OTP,0,20140124,152053,4439,16
OTP,0,20140124,152053,4437,50
OTP,0,20140124,152053,4435,100
OTP,0,20140124,152053,4435,96
OTP,0,20140124,152053,4433,104
OTP,0,20140124,152055,4433,396
OTP,0,20140124,152059,4432,250
OTP,0,20140124,152059,4431,250
OTP,0,20140124,152059,4430,4428
OTP,0,20140124,152059,4436,494
OTP,0,20140124,152100,4430,711
OTP,0,20140124,152106,4433,414
OTP,0,20140124,152106,4430,425
OTP,0,20140124,152106,4430,752
OTP,0,20140124,152111,4430,945
OTP,0,20140124,152113,4435,200
OTP,0,20140124,152114,4435,586
OTP,0,20140124,152144,4431,23
OTP,0,20140124,152144,4430,17
OTP,0,20140124,152207,4430,1000
OTP,0,20140124,152232,4430,425
OTP,0,20140124,152408,4435,50
OTP,0,20140124,152416,4439,500
OTP,0,20140124,152531,4435,200
OTP,0,20140124,152542,4436,100
OTP,0,20140124,152548,4439,200
OTP,0,20140124,152611,4435,250
OTP,0,20140124,152611,4435,502
OTP,0,20140124,152652,4437,234
OTP,0,20140124,152752,4439,40
OTP,0,20140124,152826,4435,100
OTP,0,20140124,152849,4433,435
OTP,0,20140124,152849,4432,700
OTP,0,20140124,152849,4431,100
OTP,0,20140124,152849,4430,765
OTP,0,20140124,152908,4430,2000
OTP,0,20140124,152909,4430,600
OTP,0,20140124,152909,4430,885
OTP,0,20140124,152914,4428,150
OTP,0,20140124,153041,4432,15
OTP,0,20140124,153041,4430,502
OTP,0,20140124,153046,4428,100
OTP,0,20140124,153049,4427,140
OTP,0,20140124,153102,4426,70
OTP,0,20140124,153215,4426,100
OTP,0,20140124,153221,4425,739
OTP,0,20140124,153242,4425,173
OTP,0,20140124,153320,4425,50
OTP,0,20140124,153325,4425,200
OTP,0,20140124,153333,4425,100
OTP,0,20140124,153340,4424,110
OTP,0,20140124,153340,4422,603
OTP,0,20140124,153344,4421,721
OTP,0,20140124,153344,4420,3735
OTP,0,20140124,153345,4420,360
OTP,0,20140124,153345,4418,30
OTP,0,20140124,153345,4416,520
OTP,0,20140124,153345,4415,295
OTP,0,20140124,153348,4415,1857
OTP,0,20140124,153355,4415,2023
OTP,0,20140124,153401,4414,10
OTP,0,20140124,153403,4412,25
OTP,0,20140124,153403,4411,975
OTP,0,20140124,153403,4411,50
OTP,0,20140124,153405,4413,50
OTP,0,20140124,153406,4411,1453
OTP,0,20140124,153406,4411,387
OTP,0,20140124,153410,4411,2087
OTP,0,20140124,153410,4413,500
OTP,0,20140124,153410,4410,898
OTP,0,20140124,153410,4410,24
OTP,0,20140124,153411,4410,502
OTP,0,20140124,153418,4411,20
OTP,0,20140124,153418,4412,80
OTP,0,20140124,153422,4410,972
OTP,0,20140124,153422,4410,432
OTP,0,20140124,153436,4415,500
OTP,0,20140124,153442,4414,435
OTP,0,20140124,153455,4415,634
OTP,0,20140124,153526,4417,35
OTP,0,20140124,153535,4417,1000
OTP,0,20140124,153543,4417,310
OTP,0,20140124,153549,4417,50
OTP,0,20140124,153604,4417,100
OTP,0,20140124,153624,4417,10
OTP,0,20140124,153631,4417,350
OTP,0,20140124,153632,4417,200
OTP,0,20140124,153634,4415,752
OTP,0,20140124,153649,4414,165
OTP,0,20140124,153650,4412,47
OTP,0,20140124,153650,4411,341
OTP,0,20140124,153655,4414,30
OTP,0,20140124,153700,4411,652
OTP,0,20140124,153703,4411,10
OTP,0,20140124,153703,4410,2935
OTP,0,20140124,153716,4410,599
OTP,0,20140124,153719,4410,830
OTP,0,20140124,153734,4411,50
OTP,0,20140124,153734,4410,350
OTP,0,20140124,153753,4415,200
OTP,0,20140124,153813,4411,66
OTP,0,20140124,153813,4410,234
OTP,0,20140124,153859,4415,200
OTP,0,20140124,153909,4415,632
OTP,0,20140124,153951,4415,11
OTP,0,20140124,154006,4415,350
OTP,0,20140124,154020,4415,8
OTP,0,20140124,154104,4419,50
OTP,0,20140124,154113,4415,100
OTP,0,20140124,154213,4416,90
OTP,0,20140124,154213,4415,1041
OTP,0,20140124,154227,4415,331
OTP,0,20140124,154228,4414,13
OTP,0,20140124,154231,4412,240
OTP,0,20140124,154231,4411,2100
OTP,0,20140124,154231,4410,2272
OTP,0,20140124,154232,4408,200
OTP,0,20140124,154232,4407,5
OTP,0,20140124,154232,4407,102
OTP,0,20140124,154232,4406,1278
OTP,0,20140124,154233,4406,481
OTP,0,20140124,154237,4413,290
OTP,0,20140124,154240,4410,50
OTP,0,20140124,154257,4410,32
OTP,0,20140124,154307,4410,10
OTP,0,20140124,154308,4410,100
OTP,0,20140124,154310,4410,489
OTP,0,20140124,154311,4406,709
OTP,0,20140124,154315,4406,292
OTP,0,20140124,154315,4405,2917
OTP,0,20140124,154315,4405,400
OTP,0,20140124,154318,4410,11
OTP,0,20140124,154319,4405,6318
OTP,0,20140124,154319,4410,400
OTP,0,20140124,154319,4405,2259
OTP,0,20140124,154326,4410,113
OTP,0,20140124,154328,4410,990
OTP,0,20140124,154330,4406,100
OTP,0,20140124,154330,4405,287
OTP,0,20140124,154337,4409,200
OTP,0,20140124,154337,4409,50
OTP,0,20140124,154346,4409,250
OTP,0,20140124,154346,4410,250
OTP,0,20140124,154403,4408,540
OTP,0,20140124,154423,4410,130
OTP,0,20140124,154501,4407,400
OTP,0,20140124,154502,4410,100
OTP,0,20140124,154523,4406,210
OTP,0,20140124,154523,4405,4125
OTP,0,20140124,154524,4405,1165
OTP,0,20140124,154526,4407,400
OTP,0,20140124,154526,4404,46
OTP,0,20140124,154526,4403,918
OTP,0,20140124,154526,4402,26
OTP,0,20140124,154529,4402,1000
OTP,0,20140124,154535,4403,500
OTP,0,20140124,154535,4402,9673
OTP,0,20140124,154535,4401,4827
OTP,0,20140124,154535,4401,72
OTP,0,20140124,154535,4400,12334
OTP,0,20140124,154535,4397,50
OTP,0,20140124,154535,4396,70
OTP,0,20140124,154535,4395,105
OTP,0,20140124,154535,4395,4
OTP,0,20140124,154535,4392,16
OTP,0,20140124,154535,4392,80
OTP,0,20140124,154540,4396,59
OTP,0,20140124,154543,4400,1176
OTP,0,20140124,154554,4400,100
OTP,0,20140124,154607,4395,400
OTP,0,20140124,154612,4400,102
OTP,0,20140124,154614,4400,50
OTP,0,20140124,154622,4399,30
OTP,0,20140124,154622,4393,470
OTP,0,20140124,154643,4393,30
OTP,0,20140124,154643,4399,3536
OTP,0,20140124,154647,4392,943
OTP,0,20140124,154651,4391,1117
OTP,0,20140124,154658,4400,30
OTP,0,20140124,154658,4391,990
OTP,0,20140124,154658,4390,7490
OTP,0,20140124,154658,4389,549
OTP,0,20140124,154700,4400,1000
OTP,0,20140124,154706,4389,4220
OTP,0,20140124,154709,4398,50
OTP,0,20140124,154711,4390,1000
OTP,0,20140124,154711,4389,604
OTP,0,20140124,154717,4393,400
OTP,0,20140124,154717,4393,400
OTP,0,20140124,154720,4391,1000
OTP,0,20140124,154720,4390,750
OTP,0,20140124,154731,4393,29
OTP,0,20140124,154731,4393,171
OTP,0,20140124,154731,4392,20
OTP,0,20140124,154731,4390,275
OTP,0,20140124,154739,4393,310
OTP,0,20140124,154751,4400,1904
OTP,0,20140124,154752,4400,660
OTP,0,20140124,154752,4400,434
OTP,0,20140124,154752,4400,730
OTP,0,20140124,154752,4400,247
OTP,0,20140124,154754,4400,888
OTP,0,20140124,154754,4400,580
OTP,0,20140124,154754,4400,532
OTP,0,20140124,154755,4400,562
OTP,0,20140124,154755,4400,438
OTP,0,20140124,154811,4400,200
OTP,0,20140124,154813,4400,100
OTP,0,20140124,154814,4396,200
OTP,0,20140124,154824,4400,20
OTP,0,20140124,154826,4400,629
OTP,0,20140124,154826,4400,371
OTP,0,20140124,154840,4395,190
OTP,0,20140124,154917,4396,100
OTP,0,20140124,154923,4397,310
OTP,0,20140124,154936,4397,1090
OTP,0,20140124,154936,4398,416
OTP,0,20140124,154936,4399,737
OTP,0,20140124,154936,4400,1978
OTP,0,20140124,154936,4400,427
OTP,0,20140124,154937,4400,352
OTP,0,20140124,154937,4397,50
OTP,0,20140124,154942,4399,50
OTP,0,20140124,154945,4400,475
OTP,0,20140124,154949,4399,600
OTP,0,20140124,155005,4400,50
OTP,0,20140124,155007,4400,100
OTP,0,20140124,155008,4400,2234
OTP,0,20140124,155008,4400,300
OTP,0,20140124,155008,4400,360
OTP,0,20140124,155008,4400,575
OTP,0,20140124,155008,4400,432
OTP,0,20140124,155008,4400,789
OTP,0,20140124,155026,4400,300
OTP,0,20140124,155032,4399,10
OTP,0,20140124,155032,4396,550
OTP,0,20140124,155032,4395,486
OTP,0,20140124,155032,4394,1000
OTP,0,20140124,155032,4392,100
OTP,0,20140124,155032,4391,1011
OTP,0,20140124,155032,4390,1197
OTP,0,20140124,155035,4390,502
OTP,0,20140124,155041,4390,2284
OTP,0,20140124,155045,4390,716
OTP,0,20140124,155051,4390,50
OTP,0,20140124,155055,4390,200
OTP,0,20140124,155122,4390,34
OTP,0,20140124,155128,4390,564
OTP,0,20140124,155128,4389,1240
OTP,0,20140124,155133,4389,640
OTP,0,20140124,155202,4391,50
OTP,0,20140124,155202,4389,350
OTP,0,20140124,155204,4395,200
OTP,0,20140124,155249,4390,620
OTP,0,20140124,155250,4389,618
OTP,0,20140124,155259,4389,1000
OTP,0,20140124,155300,4389,436
OTP,0,20140124,155321,4389,1000
OTP,0,20140124,155322,4389,427
OTP,0,20140124,155324,4390,26
OTP,0,20140124,155353,4391,4
OTP,0,20140124,155353,4389,11
OTP,0,20140124,155404,4392,100
OTP,0,20140124,155407,4392,20
OTP,0,20140124,155429,4392,30
OTP,0,20140124,155432,4392,150
OTP,0,20140124,155503,4390,500
OTP,0,20140124,155607,4391,10
OTP,0,20140124,155609,4392,149
OTP,0,20140124,155609,4392,397
OTP,0,20140124,155640,4395,500
OTP,0,20140124,155642,4395,1000
OTP,0,20140124,155651,4392,100
OTP,0,20140124,155652,4392,100
OTP,0,20140124,155718,4393,600
OTP,0,20140124,155720,4395,100
OTP,0,20140124,155731,4395,700
OTP,0,20140124,155737,4395,1059
OTP,0,20140124,155737,4399,156
OTP,0,20140124,155740,4393,400
OTP,0,20140124,155750,4399,500
OTP,0,20140124,155755,4395,30
OTP,0,20140124,155800,4395,400
OTP,0,20140124,155802,4395,582
OTP,0,20140124,155809,4395,27
OTP,0,20140124,155834,4395,54
OTP,0,20140124,155841,4395,120
OTP,0,20140124,155845,4395,500
OTP,0,20140124,155847,4395,10
OTP,0,20140124,155848,4395,400
OTP,0,20140124,155850,4393,150
OTP,0,20140124,155901,4393,70
OTP,0,20140124,155902,4393,6
OTP,0,20140124,155903,4394,400
OTP,0,20140124,155904,4393,24
OTP,0,20140124,155911,4395,800
OTP,0,20140124,155955,4395,100
OTP,0,20140124,160027,4395,33
OTP,0,20140124,160032,4395,251
OTP,0,20140124,160106,4395,50
OTP,0,20140124,160108,4395,100
OTP,0,20140124,160108,4395,1451
OTP,0,20140124,160110,4391,257
OTP,0,20140124,160112,4394,646
OTP,0,20140124,160112,4395,1212
OTP,0,20140124,160129,4395,142
OTP,0,20140124,160133,4395,1358
OTP,0,20140124,160133,4395,428
OTP,0,20140124,160133,4395,214
OTP,0,20140124,160144,4392,400
OTP,0,20140124,160201,4395,2000
OTP,0,20140124,160202,4392,600
OTP,0,20140124,160207,4392,100
OTP,0,20140124,160207,4390,900
OTP,0,20140124,160227,4390,303
OTP,0,20140124,160228,4394,60
OTP,0,20140124,160230,4394,550
OTP,0,20140124,160230,4395,1082
OTP,0,20140124,160231,4395,368
OTP,0,20140124,160231,4392,40
OTP,0,20140124,160244,4390,250
OTP,0,20140124,160255,4390,200
OTP,0,20140124,160257,4392,22
OTP,0,20140124,160257,4390,622
OTP,0,20140124,160302,4392,250
OTP,0,20140124,160304,4390,1188
OTP,0,20140124,160304,4389,114
OTP,0,20140124,160304,4388,250
OTP,0,20140124,160304,4387,156
OTP,0,20140124,160304,4386,20
OTP,0,20140124,160304,4385,5712
OTP,0,20140124,160304,4385,51
OTP,0,20140124,160305,4385,181
OTP,0,20140124,160305,4383,90
OTP,0,20140124,160305,4382,156
OTP,0,20140124,160308,4391,10
OTP,0,20140124,160309,4381,1540
OTP,0,20140124,160319,4390,400
OTP,0,20140124,160321,4390,1600
OTP,0,20140124,160325,4380,1449
OTP,0,20140124,160325,4380,1491
OTP,0,20140124,160330,4381,100
OTP,0,20140124,160330,4380,1956
OTP,0,20140124,160332,4390,100
OTP,0,20140124,160341,4390,50
OTP,0,20140124,160352,4390,50
OTP,0,20140124,160356,4390,390
OTP,0,20140124,160415,4384,60
OTP,0,20140124,160421,4385,100
OTP,0,20140124,160435,4385,800
OTP,0,20140124,160441,4385,30
OTP,0,20140124,160445,4387,200
OTP,0,20140124,160449,4383,300
OTP,0,20140124,160452,4382,1695
OTP,0,20140124,160513,4386,60
OTP,0,20140124,160521,4386,100
OTP,0,20140124,160525,4385,50
OTP,0,20140124,160533,4385,1995
OTP,0,20140124,160533,4386,5
OTP,0,20140124,160533,4382,505
OTP,0,20140124,160552,4382,50
OTP,0,20140124,160610,4381,100
OTP,0,20140124,160622,4383,10
OTP,0,20140124,160627,4384,133
OTP,0,20140124,160642,4381,376
OTP,0,20140124,160645,4381,1000
OTP,0,20140124,160646,4381,530
OTP,0,20140124,160652,4381,376
OTP,0,20140124,160657,4380,1784
OTP,0,20140124,160658,4380,403
OTP,0,20140124,160703,4380,400
OTP,0,20140124,160744,4384,18
OTP,0,20140124,160749,4384,200
OTP,0,20140124,160750,4381,95
OTP,0,20140124,160756,4384,100
OTP,0,20140124,160825,4381,30
OTP,0,20140124,160829,4380,770
OTP,0,20140124,160837,4381,110
OTP,0,20140124,160837,4380,614
OTP,0,20140124,160839,4384,10
OTP,0,20140124,160840,4380,1000
OTP,0,20140124,160850,4380,3910
OTP,0,20140124,160850,4380,2338
OTP,0,20140124,160855,4381,250
OTP,0,20140124,160857,4384,45
OTP,0,20140124,160857,4386,155
OTP,0,20140124,160859,4385,100
OTP,0,20140124,160859,4380,316
OTP,0,20140124,160904,4380,600
OTP,0,20140124,160908,4379,100
OTP,0,20140124,160936,4380,25
OTP,0,20140124,160943,4377,100
OTP,0,20140124,160957,4380,1000
OTP,0,20140124,161008,4379,1000
OTP,0,20140124,161024,4380,2440
OTP,0,20140124,161027,4380,438
OTP,0,20140124,161029,4380,800
OTP,0,20140124,161030,4380,54
OTP,0,20140124,161041,4381,100
OTP,0,20140124,161043,4381,190
OTP,0,20140124,161045,4383,255
OTP,0,20140124,161045,4385,2500
OTP,0,20140124,161107,4386,420
OTP,0,20140124,161109,4385,430
OTP,0,20140124,161115,4387,200
OTP,0,20140124,161130,4385,4570
OTP,0,20140124,161139,4385,100
OTP,0,20140124,161139,4385,51
OTP,0,20140124,161140,4385,466
OTP,0,20140124,161140,4385,534
OTP,0,20140124,161148,4385,40
OTP,0,20140124,161158,4385,400
OTP,0,20140124,161201,4382,115
OTP,0,20140124,161211,4381,26
OTP,0,20140124,161212,4380,100
OTP,0,20140124,161215,4385,10
OTP,0,20140124,161216,4380,3573
OTP,0,20140124,161216,4378,250
OTP,0,20140124,161217,4376,98
OTP,0,20140124,161221,4385,50
OTP,0,20140124,161221,4375,1649
OTP,0,20140124,161225,4383,300
OTP,0,20140124,161225,4380,1700
OTP,0,20140124,161226,4380,421
OTP,0,20140124,161234,4374,60
OTP,0,20140124,161235,4380,749
OTP,0,20140124,161236,4374,40
OTP,0,20140124,161236,4373,135
OTP,0,20140124,161236,4372,3738
OTP,0,20140124,161252,4380,617
OTP,0,20140124,161252,4380,617
OTP,0,20140124,161252,4380,617
OTP,0,20140124,161253,4380,385
OTP,0,20140124,161253,4380,390
OTP,0,20140124,161313,4378,200
OTP,0,20140124,161321,4380,110
OTP,0,20140124,161322,4380,507
OTP,0,20140124,161323,4380,617
OTP,0,20140124,161323,4380,372
OTP,0,20140124,161323,4380,882
OTP,0,20140124,161323,4380,2622
OTP,0,20140124,161336,4377,300
OTP,0,20140124,161337,4380,617
OTP,0,20140124,161337,4380,300
OTP,0,20140124,161354,4378,100
OTP,0,20140124,161354,4380,1264
OTP,0,20140124,161359,4380,617
OTP,0,20140124,161359,4380,100
OTP,0,20140124,161405,4380,517
OTP,0,20140124,161407,4378,300
OTP,0,20140124,161414,4380,617
OTP,0,20140124,161414,4377,10
OTP,0,20140124,161415,4376,64
OTP,0,20140124,161417,4375,551
OTP,0,20140124,161443,4379,710
OTP,0,20140124,161443,4380,1207
OTP,0,20140124,161444,4380,617
OTP,0,20140124,161444,4380,577
OTP,0,20140124,161444,4380,392
OTP,0,20140124,161444,4380,392
OTP,0,20140124,161444,4380,375
OTP,0,20140124,161444,4380,617
OTP,0,20140124,161445,4380,212
OTP,0,20140124,161453,4377,15
OTP,0,20140124,161453,4380,905
OTP,0,20140124,161454,4380,617
OTP,0,20140124,161454,4380,617
OTP,0,20140124,161454,4380,421
OTP,0,20140124,161454,4380,421
OTP,0,20140124,161454,4380,449
OTP,0,20140124,161455,4380,1555
OTP,0,20140124,161500,4376,10
OTP,0,20140124,161500,4375,90
OTP,0,20140124,161502,4380,20
OTP,0,20140124,161511,4375,2960
OTP,0,20140124,161511,4374,4480
OTP,0,20140124,161512,4378,100
OTP,0,20140124,161512,4375,803
OTP,0,20140124,161513,4375,1197
OTP,0,20140124,161526,4377,760
OTP,0,20140124,161526,4378,1189
OTP,0,20140124,161526,4379,51
OTP,0,20140124,161527,4374,404
OTP,0,20140124,161619,4378,1000
OTP,0,20140124,161625,4374,100
OTP,0,20140124,161630,4378,297
OTP,0,20140124,161645,4378,200
OTP,0,20140124,161733,4378,100
OTP,0,20140124,161746,4377,20
OTP,0,20140124,161746,4375,40
OTP,0,20140124,161802,4377,200
OTP,0,20140124,161846,4375,9000
OTP,0,20140124,161847,4375,9000
OTP,0,20140124,161847,4377,817
OTP,0,20140124,161847,4375,4596
OTP,0,20140124,161848,4375,1474
OTP,0,20140124,161848,4374,1366
OTP,0,20140124,161848,4373,13
OTP,0,20140124,161848,4372,1147
OTP,0,20140124,161849,4372,2000
OTP,0,20140124,161902,4380,500
OTP,0,20140124,161920,4372,448
OTP,0,20140124,161920,4371,760
OTP,0,20140124,161920,4370,3792
OTP,0,20140124,161920,4370,150
OTP,0,20140124,161934,4375,300
OTP,0,20140124,161934,4376,60
OTP,0,20140124,161937,4370,1000
OTP,0,20140124,161940,4374,200
OTP,0,20140124,161944,4376,1111
OTP,0,20140124,161949,4370,2132
OTP,0,20140124,161951,4368,40
OTP,0,20140124,161957,4367,4169
OTP,0,20140124,162004,4366,645
OTP,0,20140124,162005,4365,1761
OTP,0,20140124,162042,4370,100
OTP,0,20140124,162049,4366,200
OTP,0,20140124,162053,4365,2073
OTP,0,20140124,162053,4365,531
OTP,0,20140124,162054,4370,100
OTP,0,20140124,162100,4370,1000
OTP,0,20140124,162106,4370,1000
OTP,0,20140124,162127,4370,118
OTP,0,20140124,162130,4366,100
OTP,0,20140124,162130,4365,550
OTP,0,20140124,162137,4370,66
OTP,0,20140124,162139,4365,1600
OTP,0,20140124,162140,4365,287
OTP,0,20140124,162151,4364,200
OTP,0,20140124,162151,4364,100
OTP,0,20140124,162151,4363,200
OTP,0,20140124,162159,4363,680
OTP,0,20140124,162159,4362,14813
OTP,0,20140124,162200,4362,3313
OTP,0,20140124,162203,4369,15
OTP,0,20140124,162209,4368,653
OTP,0,20140124,162250,4366,50
OTP,0,20140124,162250,4367,1100
OTP,0,20140124,162256,4363,60
OTP,0,20140124,162256,4362,39
OTP,0,20140124,162302,4366,100
OTP,0,20140124,162308,4366,28
OTP,0,20140124,162343,4363,50
OTP,0,20140124,162346,4363,102
OTP,0,20140124,162349,4363,348
OTP,0,20140124,162409,4363,652
OTP,0,20140124,162409,4362,6077
OTP,0,20140124,162410,4362,2478
OTP,0,20140124,162419,4364,75
OTP,0,20140124,162423,4364,100
OTP,0,20140124,162426,4364,1575
OTP,0,20140124,162426,4365,410
OTP,0,20140124,162426,4365,15
OTP,0,20140124,162448,4363,230
OTP,0,20140124,162448,4362,4280
OTP,0,20140124,162449,4361,430
OTP,0,20140124,162449,4360,1458
OTP,0,20140124,162455,4360,515
OTP,0,20140124,162457,4362,1800
OTP,0,20140124,162458,4359,320
OTP,0,20140124,162502,4361,302
OTP,0,20140124,162506,4358,60
OTP,0,20140124,162506,4357,140
OTP,0,20140124,162506,4357,36
OTP,0,20140124,162506,4357,14
OTP,0,20140124,162528,4360,100
OTP,0,20140124,162549,4360,100
OTP,0,20140124,162554,4360,200
OTP,0,20140124,162558,4360,100
OTP,0,20140124,162601,4360,25
OTP,0,20140124,162609,4360,200
OTP,0,20140124,162613,4360,500
OTP,0,20140124,162628,4360,1000
OTP,0,20140124,162628,4358,10
OTP,0,20140124,162632,4360,345
OTP,0,20140124,162632,4357,490
OTP,0,20140124,162651,4360,50
OTP,0,20140124,162713,4360,100
OTP,0,20140124,162716,4360,10
OTP,0,20140124,162720,4359,50
OTP,0,20140124,162731,4359,35
OTP,0,20140124,162731,4360,1965
OTP,0,20140124,162731,4358,200
OTP,0,20140124,162745,4360,1500
OTP,0,20140124,162745,4358,100
OTP,0,20140124,162746,4357,2000
OTP,0,20140124,162749,4357,100
OTP,0,20140124,162754,4357,100
OTP,0,20140124,162756,4360,2000
OTP,0,20140124,162809,4360,500
OTP,0,20140124,162817,4360,500
OTP,0,20140124,162818,4360,75
OTP,0,20140124,162823,4360,251
OTP,0,20140124,162826,4360,40
OTP,0,20140124,162829,4360,100
OTP,0,20140124,162841,4360,83
OTP,0,20140124,162844,4360,100
OTP,0,20140124,162853,4360,300
OTP,0,20140124,162858,4360,20
OTP,0,20140124,162858,4360,50
OTP,0,20140124,162915,4360,20
OTP,0,20140124,162922,4360,50
OTP,0,20140124,162933,4360,110
OTP,0,20140124,162934,4360,50
OTP,0,20140124,162935,4360,35
OTP,0,20140124,162939,4360,250
OTP,0,20140124,162944,4360,237
OTP,0,20140124,162944,4362,370
OTP,0,20140124,162944,4364,282
OTP,0,20140124,162944,4365,611
OTP,0,20140124,163000,4360,134
OTP,0,20140124,163039,4362,10
OTP,0,20140124,163039,4362,10
OTP,0,20140124,163041,4365,50
OTP,0,20140124,163041,4365,50
OTP,0,20140124,163050,4361,10
OTP,0,20140124,163050,4361,10
OTP,0,20140124,163050,4360,490
OTP,0,20140124,163050,4360,490
OTP,0,20140124,163103,4365,250
OTP,0,20140124,163127,4365,1000
OTP,0,20140124,163142,4362,100
OTP,0,20140124,163142,4361,30
OTP,0,20140124,163142,4360,766
OTP,0,20140124,163147,4360,448
OTP,0,20140124,163149,4360,2189
OTP,0,20140124,163153,4359,95
OTP,0,20140124,163227,4360,100
OTP,0,20140124,163241,4363,20
OTP,0,20140124,163241,4364,180
OTP,0,20140124,163259,4364,1750
OTP,0,20140124,163302,4361,400
OTP,0,20140124,163324,4364,20
OTP,0,20140124,163336,4364,30
OTP,0,20140124,163344,4364,20
OTP,0,20140124,163358,4363,221
OTP,0,20140124,163358,4364,1279
OTP,0,20140124,163419,4364,34
OTP,0,20140124,163423,4364,911
OTP,0,20140124,163423,4365,2956
OTP,0,20140124,163423,4365,402
OTP,0,20140124,163423,4365,731
OTP,0,20140124,163430,4362,800
OTP,0,20140124,163442,4364,25
OTP,0,20140124,163444,4364,9
OTP,0,20140124,163520,4364,220
OTP,0,20140124,163543,4362,23
OTP,0,20140124,163552,4364,390
OTP,0,20140124,163552,4365,610
OTP,0,20140124,163610,4365,115
OTP,0,20140124,163616,4365,302
OTP,0,20140124,163644,4365,125
OTP,0,20140124,163717,4365,64
OTP,0,20140124,163722,4365,50
OTP,0,20140124,163723,4365,400
OTP,0,20140124,163724,4365,30
OTP,0,20140124,163728,4366,250
OTP,0,20140124,163739,4366,5
OTP,0,20140124,163744,4367,245
OTP,0,20140124,163815,4368,100
OTP,0,20140124,163818,4368,100
OTP,0,20140124,163826,4368,329
OTP,0,20140124,163826,4369,141
OTP,0,20140124,163830,4367,1000
OTP,0,20140124,163845,4369,84
OTP,0,20140124,163846,4369,45
OTP,0,20140124,163854,4366,500
OTP,0,20140124,163854,4365,189
OTP,0,20140124,163903,4367,110
OTP,0,20140124,163908,4365,100
OTP,0,20140124,163913,4365,101
OTP,0,20140124,163915,4365,2000
OTP,0,20140124,163920,4365,1000
OTP,0,20140124,163926,4365,890
OTP,0,20140124,163926,4365,387
OTP,0,20140124,163927,4365,223
OTP,0,20140124,163937,4364,20
OTP,0,20140124,163937,4362,41
OTP,0,20140124,163937,4361,139
OTP,0,20140124,163939,4361,211
OTP,0,20140124,163945,4361,100
OTP,0,20140124,164005,4365,300
OTP,0,20140124,164010,4361,50
OTP,0,20140124,164023,4365,4206
OTP,0,20140124,164023,4365,417
OTP,0,20140124,164128,4367,409
OTP,0,20140124,164220,4366,125
OTP,0,20140124,164234,4366,100
OTP,0,20140124,164248,4366,517
OTP,0,20140124,164257,4367,1000
OTP,0,20140124,164331,4367,1000
OTP,0,20140124,164349,4366,35
OTP,0,20140124,164354,4366,79
OTP,0,20140124,164358,4367,500
OTP,0,20140124,164423,4365,1679
OTP,0,20140124,164425,4364,150
OTP,0,20140124,164426,4365,400
OTP,0,20140124,164428,4365,300
OTP,0,20140124,164432,4365,25
OTP,0,20140124,164445,4363,245
OTP,0,20140124,164452,4362,823
OTP,0,20140124,164452,4362,823
OTP,0,20140124,164452,4361,336
OTP,0,20140124,164452,4361,336
OTP,0,20140124,164452,4360,1231
OTP,0,20140124,164452,4360,1231
OTP,0,20140124,164452,4360,263
OTP,0,20140124,164452,4360,263
OTP,0,20140124,164457,4361,400
OTP,0,20140124,164457,4361,400
OTP,0,20140124,164503,4360,5000
OTP,0,20140124,164503,4360,5000
OTP,0,20140124,164503,4360,1788
OTP,0,20140124,164503,4360,1788
OTP,0,20140124,164505,4359,655
OTP,0,20140124,164505,4359,655
OTP,0,20140124,164505,4358,19
OTP,0,20140124,164505,4358,19
OTP,0,20140124,164505,4357,26
OTP,0,20140124,164505,4357,26
OTP,0,20140124,164508,4360,30
OTP,0,20140124,164508,4360,30
OTP,0,20140124,164511,4360,50
OTP,0,20140124,164511,4360,50
OTP,0,20140124,164514,4357,200
OTP,0,20140124,164514,4357,200
OTP,0,20140124,164516,4358,10000
OTP,0,20140124,164516,4358,10000
OTP,0,20140124,164518,4359,100
OTP,0,20140124,164518,4359,100
OTP,0,20140124,164518,4357,2004
OTP,0,20140124,164518,4357,2004
OTP,0,20140124,164525,4359,210
OTP,0,20140124,164525,4359,210
OTP,0,20140124,164525,4360,1790
OTP,0,20140124,164525,4360,1790
OTP,0,20140124,164526,4360,100
OTP,0,20140124,164526,4360,100
OTP,0,20140124,164531,4356,5486
OTP,0,20140124,164531,4356,5486
OTP,0,20140124,164532,4356,450
OTP,0,20140124,164532,4356,450
OTP,0,20140124,164554,4360,1
OTP,0,20140124,164554,4360,1
OTP,0,20140124,164556,4360,2000
OTP,0,20140124,164556,4360,2000
OTP,0,20140124,164556,4357,600
OTP,0,20140124,164556,4357,600
OTP,0,20140124,164557,4360,200
OTP,0,20140124,164557,4360,200
OTP,0,20140124,164602,4360,462
OTP,0,20140124,164602,4360,462
OTP,0,20140124,164619,4356,100
OTP,0,20140124,164619,4356,100
OTP,0,20140124,164619,4360,10
OTP,0,20140124,164619,4360,10
OTP,0,20140124,164643,4360,500
OTP,0,20140124,164643,4360,500
OTP,0,20140124,164652,4357,55
OTP,0,20140124,164652,4357,55
OTP,0,20140124,164652,4356,321
OTP,0,20140124,164652,4356,321
OTP,0,20140124,164700,4360,200
OTP,0,20140124,164700,4360,200
OTP,0,20140124,164709,4360,100
OTP,0,20140124,164709,4360,100
OTP,0,20140124,164714,4360,10
OTP,0,20140124,164714,4360,10
OTP,0,20140124,164714,4360,753
OTP,0,20140124,164714,4360,753
OTP,0,20140124,164715,4360,47
OTP,0,20140124,164715,4360,47
OTP,0,20140124,164726,4360,15
OTP,0,20140124,164726,4360,15
OTP,0,20140124,164753,4357,65
OTP,0,20140124,164753,4357,65
OTP,0,20140124,164753,4356,135
OTP,0,20140124,164753,4356,135
OTP,0,20140124,164757,4356,2281
OTP,0,20140124,164757,4356,2281
OTP,0,20140124,164757,4355,17719
OTP,0,20140124,164757,4355,17719
OTP,0,20140124,164758,4355,2711
OTP,0,20140124,164758,4355,2711
OTP,0,20140124,164759,4354,50
OTP,0,20140124,164759,4354,50
OTP,0,20140124,164803,4355,265
OTP,0,20140124,164803,4355,265
OTP,0,20140124,164803,4353,400
OTP,0,20140124,164803,4353,400
OTP,0,20140124,164804,4352,378
OTP,0,20140124,164804,4352,378
OTP,0,20140124,164822,4351,440
OTP,0,20140124,164822,4351,440
OTP,0,20140124,164822,4351,362
OTP,0,20140124,164822,4351,362
OTP,0,20140124,164823,4351,4523
OTP,0,20140124,164823,4351,4523
OTP,0,20140124,164823,4351,1306
OTP,0,20140124,164823,4351,1306
OTP,0,20140124,164825,4351,250
OTP,0,20140124,164825,4351,250
OTP,0,20140124,164825,4351,5000
OTP,0,20140124,164825,4351,5000
OTP,0,20140124,164826,4352,200
OTP,0,20140124,164826,4352,200
OTP,0,20140124,164826,4351,979
OTP,0,20140124,164826,4351,979
OTP,0,20140124,164829,4351,649
OTP,0,20140124,164829,4351,649
OTP,0,20140124,164829,4350,351
OTP,0,20140124,164829,4350,351
OTP,0,20140124,164829,4350,330
OTP,0,20140124,164829,4350,330
OTP,0,20140124,164831,4350,4000
OTP,0,20140124,164831,4350,4000
OTP,0,20140124,164831,4350,2000
OTP,0,20140124,164831,4350,2000
OTP,0,20140124,164835,4350,12307
OTP,0,20140124,164835,4350,12307
OTP,0,20140124,164836,4348,7
OTP,0,20140124,164836,4348,7
OTP,0,20140124,164836,4350,50
OTP,0,20140124,164836,4350,50
OTP,0,20140124,164838,4350,300
OTP,0,20140124,164838,4350,300
OTP,0,20140124,164838,4350,460
OTP,0,20140124,164838,4350,460
OTP,0,20140124,164840,4350,876
OTP,0,20140124,164840,4350,876
OTP,0,20140124,164844,4346,30
OTP,0,20140124,164844,4346,30
OTP,0,20140124,164853,4350,2792
OTP,0,20140124,164853,4350,2792
OTP,0,20140124,164905,4358,12
OTP,0,20140124,164905,4358,12
OTP,0,20140124,164905,4350,3478
OTP,0,20140124,164905,4350,3478
OTP,0,20140124,164909,4345,389
OTP,0,20140124,164909,4345,389
OTP,0,20140124,164913,4345,20
OTP,0,20140124,164913,4345,20
OTP,0,20140124,164915,4345,40
OTP,0,20140124,164915,4345,40
OTP,0,20140124,164915,4343,20
OTP,0,20140124,164915,4343,20
OTP,0,20140124,164920,4352,409
OTP,0,20140124,164920,4346,290
OTP,0,20140124,164920,4342,500
OTP,0,20140124,164920,4341,4789
OTP,0,20140124,164924,4348,5000
OTP,0,20140124,164925,4341,961
OTP,0,20140124,164926,4352,60
OTP,0,20140124,164932,4352,50
OTP,0,20140124,164937,4353,70
OTP,0,20140124,164955,4353,200
OTP,0,20140124,165004,4350,50
OTP,0,20140124,165009,4342,500
OTP,0,20140124,165010,4347,444
OTP,0,20140124,165015,4342,500
OTP,0,20140124,165019,4350,230
OTP,0,20140124,165027,4350,242
OTP,0,20140124,165031,4350,832
OTP,0,20140124,165059,4350,271
OTP,0,20140124,165059,4350,271
OTP,0,20140124,165059,4350,271
OTP,0,20140124,165059,4350,271
OTP,0,20140124,165059,4350,271
OTP,0,20140124,165059,4350,271
OTP,0,20140124,165059,4350,271
OTP,0,20140124,165059,4350,271
OTP,0,20140124,165059,4350,271
OTP,0,20140124,165104,4345,500
OTP,0,20140124,165104,4345,500
OTP,0,20140124,165104,4345,500
OTP,0,20140124,165104,4345,500
OTP,0,20140124,165104,4345,500
OTP,0,20140124,165104,4345,500
OTP,0,20140124,165104,4345,500
OTP,0,20140124,165104,4345,500
OTP,0,20140124,165104,4345,500
OTP,0,20140124,165104,4345,10
OTP,0,20140124,165104,4345,10
OTP,0,20140124,165104,4345,10
OTP,0,20140124,165104,4345,10
OTP,0,20140124,165104,4345,10
OTP,0,20140124,165104,4345,10
OTP,0,20140124,165104,4345,10
OTP,0,20140124,165104,4345,10
OTP,0,20140124,165104,4345,10
OTP,0,20140124,165104,4343,90
OTP,0,20140124,165104,4343,90
OTP,0,20140124,165104,4343,90
OTP,0,20140124,165104,4343,90
OTP,0,20140124,165104,4343,90
OTP,0,20140124,165104,4343,90
OTP,0,20140124,165104,4343,90
OTP,0,20140124,165104,4343,90
OTP,0,20140124,165104,4343,90
OTP,0,20140124,165104,4343,10
OTP,0,20140124,165104,4343,10
OTP,0,20140124,165104,4343,10
OTP,0,20140124,165104,4343,10
OTP,0,20140124,165104,4343,10
OTP,0,20140124,165104,4343,10
OTP,0,20140124,165104,4343,10
OTP,0,20140124,165104,4343,10
OTP,0,20140124,165104,4343,10
OTP,0,20140124,165104,4342,90
OTP,0,20140124,165104,4342,90
OTP,0,20140124,165104,4342,90
OTP,0,20140124,165104,4342,90
OTP,0,20140124,165104,4342,90
OTP,0,20140124,165104,4342,90
OTP,0,20140124,165104,4342,90
OTP,0,20140124,165104,4342,90
OTP,0,20140124,165104,4342,90
OTP,0,20140124,165104,4342,100
OTP,0,20140124,165104,4342,100
OTP,0,20140124,165104,4342,100
OTP,0,20140124,165104,4342,100
OTP,0,20140124,165104,4342,100
OTP,0,20140124,165104,4342,100
OTP,0,20140124,165104,4342,100
OTP,0,20140124,165104,4342,100
OTP,0,20140124,165104,4342,100
OTP,0,20140124,165104,4342,500
OTP,0,20140124,165104,4342,500
OTP,0,20140124,165104,4342,500
OTP,0,20140124,165104,4342,500
OTP,0,20140124,165104,4342,500
OTP,0,20140124,165104,4342,500
OTP,0,20140124,165104,4342,500
OTP,0,20140124,165104,4342,500
OTP,0,20140124,165104,4342,500
OTP,0,20140124,165108,4350,50
OTP,0,20140124,165108,4350,50
OTP,0,20140124,165108,4350,50
OTP,0,20140124,165108,4350,50
OTP,0,20140124,165108,4350,50
OTP,0,20140124,165108,4350,50
OTP,0,20140124,165108,4350,50
OTP,0,20140124,165108,4350,50
OTP,0,20140124,165108,4350,50
OTP,0,20140124,165109,4350,300
OTP,0,20140124,165109,4350,300
OTP,0,20140124,165109,4350,300
OTP,0,20140124,165109,4350,300
OTP,0,20140124,165109,4350,300
OTP,0,20140124,165109,4350,300
OTP,0,20140124,165109,4350,300
OTP,0,20140124,165109,4350,300
OTP,0,20140124,165109,4350,300
OTP,0,20140124,165114,4350,50
OTP,0,20140124,165114,4350,50
OTP,0,20140124,165114,4350,50
OTP,0,20140124,165114,4350,50
OTP,0,20140124,165114,4350,50
OTP,0,20140124,165114,4350,50
OTP,0,20140124,165114,4350,50
OTP,0,20140124,165114,4350,50
OTP,0,20140124,165114,4350,50
OTP,0,20140124,165122,4350,10
OTP,0,20140124,165122,4350,10
OTP,0,20140124,165122,4350,10
OTP,0,20140124,165122,4350,10
OTP,0,20140124,165122,4350,10
OTP,0,20140124,165122,4350,10
OTP,0,20140124,165122,4350,10
OTP,0,20140124,165122,4350,10
OTP,0,20140124,165122,4350,10
OTP,0,20140124,165124,4350,3153
OTP,0,20140124,165124,4350,3153
OTP,0,20140124,165124,4350,3153
OTP,0,20140124,165124,4350,3153
OTP,0,20140124,165124,4350,3153
OTP,0,20140124,165124,4350,3153
OTP,0,20140124,165124,4350,3153
OTP,0,20140124,165124,4350,3153
OTP,0,20140124,165124,4350,3153
OTP,0,20140124,165124,4350,744
OTP,0,20140124,165124,4350,744
OTP,0,20140124,165124,4350,744
OTP,0,20140124,165124,4350,744
OTP,0,20140124,165124,4350,744
OTP,0,20140124,165124,4350,744
OTP,0,20140124,165124,4350,744
OTP,0,20140124,165124,4350,744
OTP,0,20140124,165124,4350,744
OTP,0,20140124,165124,4350,638
OTP,0,20140124,165124,4350,638
OTP,0,20140124,165124,4350,638
OTP,0,20140124,165124,4350,638
OTP,0,20140124,165124,4350,638
OTP,0,20140124,165124,4350,638
OTP,0,20140124,165124,4350,638
OTP,0,20140124,165124,4350,638
OTP,0,20140124,165124,4350,638
OTP,0,20140124,165139,4353,50
OTP,0,20140124,165139,4353,50
OTP,0,20140124,165139,4353,50
OTP,0,20140124,165139,4353,50
OTP,0,20140124,165139,4353,50
OTP,0,20140124,165139,4353,50
OTP,0,20140124,165139,4353,50
OTP,0,20140124,165139,4353,50
OTP,0,20140124,165139,4353,50
OTP,0,20140124,165202,4353,30
OTP,0,20140124,165202,4353,30
OTP,0,20140124,165202,4353,30
OTP,0,20140124,165202,4353,30
OTP,0,20140124,165202,4353,30
OTP,0,20140124,165202,4353,30
OTP,0,20140124,165202,4353,30
OTP,0,20140124,165202,4353,30
OTP,0,20140124,165202,4353,30
OTP,0,20140124,165205,4350,40
OTP,0,20140124,165205,4350,40
OTP,0,20140124,165205,4350,40
OTP,0,20140124,165205,4350,40
OTP,0,20140124,165205,4350,40
OTP,0,20140124,165205,4350,40
OTP,0,20140124,165205,4350,40
OTP,0,20140124,165205,4350,40
OTP,0,20140124,165205,4350,40
OTP,0,20140124,165209,4353,55
OTP,0,20140124,165209,4353,55
OTP,0,20140124,165209,4353,55
OTP,0,20140124,165209,4353,55
OTP,0,20140124,165209,4353,55
OTP,0,20140124,165209,4353,55
OTP,0,20140124,165209,4353,55
OTP,0,20140124,165209,4353,55
OTP,0,20140124,165209,4353,55
OTP,0,20140124,165220,4350,82
OTP,0,20140124,165220,4350,82
OTP,0,20140124,165220,4350,82
OTP,0,20140124,165220,4350,82
OTP,0,20140124,165220,4350,82
OTP,0,20140124,165220,4350,82
OTP,0,20140124,165220,4350,82
OTP,0,20140124,165220,4350,82
OTP,0,20140124,165225,4353,295
OTP,0,20140124,165225,4353,295
OTP,0,20140124,165225,4353,295
OTP,0,20140124,165225,4353,295
OTP,0,20140124,165225,4353,295
OTP,0,20140124,165225,4353,295
OTP,0,20140124,165225,4353,295
OTP,0,20140124,165225,4353,295
OTP,0,20140124,165225,4354,205
OTP,0,20140124,165225,4354,205
OTP,0,20140124,165225,4354,205
OTP,0,20140124,165225,4354,205
OTP,0,20140124,165225,4354,205
OTP,0,20140124,165225,4354,205
OTP,0,20140124,165225,4354,205
OTP,0,20140124,165225,4354,205
OTP,0,20140124,165303,4353,200
OTP,0,20140124,165303,4353,200
OTP,0,20140124,165303,4353,200
OTP,0,20140124,165303,4353,200
OTP,0,20140124,165303,4353,200
OTP,0,20140124,165303,4353,200
OTP,0,20140124,165303,4353,200
OTP,0,20140124,165303,4353,200
OTP,0,20140124,165304,4353,246
OTP,0,20140124,165304,4353,246
OTP,0,20140124,165304,4353,246
OTP,0,20140124,165304,4353,246
OTP,0,20140124,165304,4353,246
OTP,0,20140124,165304,4353,246
OTP,0,20140124,165304,4353,246
OTP,0,20140124,165304,4353,246
OTP,0,20140124,165305,4353,154
OTP,0,20140124,165305,4353,154
OTP,0,20140124,165305,4353,154
OTP,0,20140124,165305,4353,154
OTP,0,20140124,165305,4353,154
OTP,0,20140124,165305,4353,154
OTP,0,20140124,165305,4353,154
OTP,0,20140124,165305,4353,154
OTP,0,20140124,165306,4351,400
OTP,0,20140124,165306,4351,400
OTP,0,20140124,165306,4351,400
OTP,0,20140124,165306,4351,400
OTP,0,20140124,165306,4351,400
OTP,0,20140124,165306,4351,400
OTP,0,20140124,165306,4351,400
OTP,0,20140124,165306,4351,400
OTP,0,20140124,165308,4353,50
OTP,0,20140124,165308,4353,50
OTP,0,20140124,165308,4353,50
OTP,0,20140124,165308,4353,50
OTP,0,20140124,165308,4353,50
OTP,0,20140124,165308,4353,50
OTP,0,20140124,165308,4353,50
OTP,0,20140124,165308,4353,50
OTP,0,20140124,165315,4353,100
OTP,0,20140124,165315,4353,100
OTP,0,20140124,165315,4353,100
OTP,0,20140124,165315,4353,100
OTP,0,20140124,165315,4353,100
OTP,0,20140124,165315,4353,100
OTP,0,20140124,165315,4353,100
OTP,0,20140124,165315,4353,100
OTP,0,20140124,165316,4353,40
OTP,0,20140124,165316,4353,40
OTP,0,20140124,165316,4353,40
OTP,0,20140124,165316,4353,40
OTP,0,20140124,165316,4353,40
OTP,0,20140124,165316,4353,40
OTP,0,20140124,165316,4353,40
OTP,0,20140124,165316,4353,40
OTP,0,20140124,165327,4353,300
OTP,0,20140124,165327,4353,300
OTP,0,20140124,165327,4353,300
OTP,0,20140124,165327,4353,300
OTP,0,20140124,165327,4353,300
OTP,0,20140124,165327,4353,300
OTP,0,20140124,165327,4353,300
OTP,0,20140124,165327,4353,300
OTP,0,20140124,165330,4353,310
OTP,0,20140124,165330,4353,310
OTP,0,20140124,165330,4353,310
OTP,0,20140124,165330,4353,310
OTP,0,20140124,165330,4353,310
OTP,0,20140124,165330,4353,310
OTP,0,20140124,165330,4353,310
OTP,0,20140124,165330,4353,310
OTP,0,20140124,165333,4353,200
OTP,0,20140124,165333,4353,200
OTP,0,20140124,165333,4353,200
OTP,0,20140124,165333,4353,200
OTP,0,20140124,165333,4353,200
OTP,0,20140124,165333,4353,200
OTP,0,20140124,165333,4353,200
OTP,0,20140124,165333,4353,200
OTP,0,20140124,165342,4353,19
OTP,0,20140124,165342,4353,19
OTP,0,20140124,165342,4353,19
OTP,0,20140124,165342,4353,19
OTP,0,20140124,165342,4353,19
OTP,0,20140124,165342,4353,19
OTP,0,20140124,165342,4353,19
OTP,0,20140124,165342,4353,19
OTP,0,20140124,165342,4354,80
OTP,0,20140124,165342,4354,80
OTP,0,20140124,165342,4354,80
OTP,0,20140124,165342,4354,80
OTP,0,20140124,165342,4354,80
OTP,0,20140124,165342,4354,80
OTP,0,20140124,165342,4354,80
OTP,0,20140124,165342,4354,80
OTP,0,20140124,165342,4355,1
OTP,0,20140124,165342,4355,1
OTP,0,20140124,165342,4355,1
OTP,0,20140124,165342,4355,1
OTP,0,20140124,165342,4355,1
OTP,0,20140124,165342,4355,1
OTP,0,20140124,165342,4355,1
OTP,0,20140124,165342,4355,1
OTP,0,20140124,165353,4355,50
OTP,0,20140124,165353,4355,50
OTP,0,20140124,165353,4355,50
OTP,0,20140124,165353,4355,50
OTP,0,20140124,165353,4355,50
OTP,0,20140124,165353,4355,50
OTP,0,20140124,165353,4355,50
OTP,0,20140124,165353,4355,50
OTP,0,20140124,165355,4354,20
OTP,0,20140124,165355,4354,20
OTP,0,20140124,165355,4354,20
OTP,0,20140124,165355,4354,20
OTP,0,20140124,165355,4354,20
OTP,0,20140124,165355,4354,20
OTP,0,20140124,165355,4354,20
OTP,0,20140124,165355,4354,20
OTP,0,20140124,165359,4354,30
OTP,0,20140124,165359,4354,30
OTP,0,20140124,165359,4354,30
OTP,0,20140124,165359,4354,30
OTP,0,20140124,165359,4354,30
OTP,0,20140124,165359,4354,30
OTP,0,20140124,165359,4354,30
OTP,0,20140124,165359,4354,30
OTP,0,20140124,165359,4355,22
OTP,0,20140124,165359,4355,22
OTP,0,20140124,165359,4355,22
OTP,0,20140124,165359,4355,22
OTP,0,20140124,165359,4355,22
OTP,0,20140124,165359,4355,22
OTP,0,20140124,165359,4355,22
OTP,0,20140124,165359,4355,22
OTP,0,20140124,165403,4355,250
OTP,0,20140124,165403,4355,250
OTP,0,20140124,165403,4355,250
OTP,0,20140124,165403,4355,250
OTP,0,20140124,165403,4355,250
OTP,0,20140124,165403,4355,250
OTP,0,20140124,165403,4355,250
OTP,0,20140124,165403,4355,250
OTP,0,20140124,165419,4357,1766
OTP,0,20140124,165419,4357,1766
OTP,0,20140124,165419,4357,1766
OTP,0,20140124,165419,4357,1766
OTP,0,20140124,165419,4357,1766
OTP,0,20140124,165419,4357,1766
OTP,0,20140124,165419,4357,1766
OTP,0,20140124,165419,4357,1766
OTP,0,20140124,165419,4358,234
OTP,0,20140124,165419,4358,234
OTP,0,20140124,165419,4358,234
OTP,0,20140124,165419,4358,234
OTP,0,20140124,165419,4358,234
OTP,0,20140124,165419,4358,234
OTP,0,20140124,165419,4358,234
OTP,0,20140124,165419,4358,234
OTP,0,20140124,165451,4358,10
OTP,0,20140124,165451,4358,10
OTP,0,20140124,165451,4358,10
OTP,0,20140124,165451,4358,10
OTP,0,20140124,165451,4358,10
OTP,0,20140124,165451,4358,10
OTP,0,20140124,165451,4358,10
OTP,0,20140124,165451,4358,10
OTP,0,20140124,165451,4358,510
OTP,0,20140124,165451,4358,510
OTP,0,20140124,165451,4358,510
OTP,0,20140124,165451,4358,510
OTP,0,20140124,165451,4358,510
OTP,0,20140124,165451,4358,510
OTP,0,20140124,165451,4358,510
OTP,0,20140124,165451,4358,510
OTP,0,20140124,165451,4359,450
OTP,0,20140124,165451,4359,450
OTP,0,20140124,165451,4359,450
OTP,0,20140124,165451,4359,450
OTP,0,20140124,165451,4359,450
OTP,0,20140124,165451,4359,450
OTP,0,20140124,165451,4359,450
OTP,0,20140124,165451,4359,450
OTP,0,20140124,165451,4360,1040
OTP,0,20140124,165451,4360,1040
OTP,0,20140124,165451,4360,1040
OTP,0,20140124,165451,4360,1040
OTP,0,20140124,165451,4360,1040
OTP,0,20140124,165451,4360,1040
OTP,0,20140124,165451,4360,1040
OTP,0,20140124,165451,4360,1040
OTP,0,20140124,165457,4360,150
OTP,0,20140124,165457,4360,150
OTP,0,20140124,165457,4360,150
OTP,0,20140124,165457,4360,150
OTP,0,20140124,165457,4360,150
OTP,0,20140124,165457,4360,150
OTP,0,20140124,165457,4360,150
OTP,0,20140124,165457,4360,150
OTP,0,20140124,165506,4360,123
OTP,0,20140124,165506,4360,123
OTP,0,20140124,165506,4360,123
OTP,0,20140124,165506,4360,123
OTP,0,20140124,165506,4360,123
OTP,0,20140124,165506,4360,123
OTP,0,20140124,165506,4360,123
OTP,0,20140124,165506,4360,123
OTP,0,20140124,165506,4360,100
OTP,0,20140124,165506,4360,100
OTP,0,20140124,165506,4360,100
OTP,0,20140124,165506,4360,100
OTP,0,20140124,165506,4360,100
OTP,0,20140124,165506,4360,100
OTP,0,20140124,165506,4360,100
OTP,0,20140124,165506,4360,100
OTP,0,20140124,165513,4356,50
OTP,0,20140124,165513,4356,50
OTP,0,20140124,165513,4356,50
OTP,0,20140124,165513,4356,50
OTP,0,20140124,165513,4356,50
OTP,0,20140124,165513,4356,50
OTP,0,20140124,165513,4356,50
OTP,0,20140124,165513,4356,50
OTP,0,20140124,165513,4356,90
OTP,0,20140124,165513,4356,90
OTP,0,20140124,165513,4356,90
OTP,0,20140124,165513,4356,90
OTP,0,20140124,165513,4356,90
OTP,0,20140124,165513,4356,90
OTP,0,20140124,165513,4356,90
OTP,0,20140124,165513,4356,90
OTP,0,20140124,165514,4356,300
OTP,0,20140124,165514,4356,300
OTP,0,20140124,165514,4356,300
OTP,0,20140124,165514,4356,300
OTP,0,20140124,165514,4356,300
OTP,0,20140124,165514,4356,300
OTP,0,20140124,165514,4356,300
OTP,0,20140124,165514,4356,300
OTP,0,20140124,165514,4356,20
OTP,0,20140124,165514,4356,20
OTP,0,20140124,165514,4356,20
OTP,0,20140124,165514,4356,20
OTP,0,20140124,165514,4356,20
OTP,0,20140124,165514,4356,20
OTP,0,20140124,165514,4356,20
OTP,0,20140124,165514,4356,20
OTP,0,20140124,165514,4355,90
OTP,0,20140124,165514,4355,90
OTP,0,20140124,165514,4355,90
OTP,0,20140124,165514,4355,90
OTP,0,20140124,165514,4355,90
OTP,0,20140124,165514,4355,90
OTP,0,20140124,165514,4355,90
OTP,0,20140124,165514,4355,90
OTP,0,20140124,165514,4355,50
OTP,0,20140124,165514,4355,50
OTP,0,20140124,165514,4355,50
OTP,0,20140124,165514,4355,50
OTP,0,20140124,165514,4355,50
OTP,0,20140124,165514,4355,50
OTP,0,20140124,165514,4355,50
OTP,0,20140124,165514,4355,50
OTP,0,20140124,165514,4355,200
OTP,0,20140124,165514,4355,200
OTP,0,20140124,165514,4355,200
OTP,0,20140124,165514,4355,200
OTP,0,20140124,165514,4355,200
OTP,0,20140124,165514,4355,200
OTP,0,20140124,165514,4355,200
OTP,0,20140124,165514,4355,200
OTP,0,20140124,165514,4353,23
OTP,0,20140124,165514,4353,23
OTP,0,20140124,165514,4353,23
OTP,0,20140124,165514,4353,23
OTP,0,20140124,165514,4353,23
OTP,0,20140124,165514,4353,23
OTP,0,20140124,165514,4353,23
OTP,0,20140124,165514,4353,23
OTP,0,20140124,165515,4358,10
OTP,0,20140124,165515,4358,10
OTP,0,20140124,165515,4358,10
OTP,0,20140124,165515,4358,10
OTP,0,20140124,165515,4358,10
OTP,0,20140124,165515,4358,10
OTP,0,20140124,165515,4358,10
OTP,0,20140124,165515,4358,10
OTP,0,20140124,165519,4358,876
OTP,0,20140124,165519,4358,876
OTP,0,20140124,165519,4358,876
OTP,0,20140124,165519,4358,876
OTP,0,20140124,165519,4358,876
OTP,0,20140124,165519,4358,876
OTP,0,20140124,165519,4358,876
OTP,0,20140124,165519,4358,876
OTP,0,20140124,165519,4360,1624
OTP,0,20140124,165519,4360,1624
OTP,0,20140124,165519,4360,1624
OTP,0,20140124,165519,4360,1624
OTP,0,20140124,165519,4360,1624
OTP,0,20140124,165519,4360,1624
OTP,0,20140124,165519,4360,1624
OTP,0,20140124,165519,4360,1624
OTP,0,20140124,165522,4360,11
OTP,0,20140124,165522,4360,11
OTP,0,20140124,165522,4360,11
OTP,0,20140124,165522,4360,11
OTP,0,20140124,165522,4360,11
OTP,0,20140124,165522,4360,11
OTP,0,20140124,165522,4360,11
OTP,0,20140124,165522,4360,11
OTP,0,20140124,165539,4359,82
OTP,0,20140124,165539,4359,82
OTP,0,20140124,165539,4359,82
OTP,0,20140124,165539,4359,82
OTP,0,20140124,165539,4359,82
OTP,0,20140124,165539,4359,82
OTP,0,20140124,165539,4359,82
OTP,0,20140124,165539,4359,82
OTP,0,20140124,165548,4359,15
OTP,0,20140124,165548,4359,15
OTP,0,20140124,165548,4359,15
OTP,0,20140124,165548,4359,15
OTP,0,20140124,165548,4359,15
OTP,0,20140124,165548,4359,15
OTP,0,20140124,165548,4359,15
OTP,0,20140124,165548,4359,15
OTP,0,20140124,165553,4359,250
OTP,0,20140124,165553,4359,250
OTP,0,20140124,165553,4359,250
OTP,0,20140124,165553,4359,250
OTP,0,20140124,165553,4359,250
OTP,0,20140124,165553,4359,250
OTP,0,20140124,165553,4359,250
OTP,0,20140124,165553,4359,250
OTP,0,20140124,165556,4359,438
OTP,0,20140124,165556,4359,438
OTP,0,20140124,165556,4359,438
OTP,0,20140124,165556,4359,438
OTP,0,20140124,165556,4359,438
OTP,0,20140124,165556,4359,438
OTP,0,20140124,165556,4359,438
OTP,0,20140124,165556,4359,438
OTP,0,20140124,165556,4360,312
OTP,0,20140124,165556,4360,312
OTP,0,20140124,165556,4360,312
OTP,0,20140124,165556,4360,312
OTP,0,20140124,165556,4360,312
OTP,0,20140124,165556,4360,312
OTP,0,20140124,165556,4360,312
OTP,0,20140124,165556,4360,312
OTP,0,20140124,165557,4358,425
OTP,0,20140124,165557,4358,425
OTP,0,20140124,165557,4358,425
OTP,0,20140124,165557,4358,425
OTP,0,20140124,165557,4358,425
OTP,0,20140124,165557,4358,425
OTP,0,20140124,165557,4358,425
OTP,0,20140124,165557,4358,425
OTP,0,20140124,165557,4358,409
OTP,0,20140124,165557,4358,409
OTP,0,20140124,165557,4358,409
OTP,0,20140124,165557,4358,409
OTP,0,20140124,165557,4358,409
OTP,0,20140124,165557,4358,409
OTP,0,20140124,165557,4358,409
OTP,0,20140124,165557,4358,409
OTP,0,20140124,165602,4360,120
OTP,0,20140124,165602,4360,120
OTP,0,20140124,165602,4360,120
OTP,0,20140124,165602,4360,120
OTP,0,20140124,165602,4360,120
OTP,0,20140124,165602,4360,120
OTP,0,20140124,165602,4360,120
OTP,0,20140124,165602,4360,120
OTP,0,20140124,165607,4358,334
OTP,0,20140124,165607,4358,334
OTP,0,20140124,165607,4358,334
OTP,0,20140124,165607,4358,334
OTP,0,20140124,165607,4358,334
OTP,0,20140124,165607,4358,334
OTP,0,20140124,165607,4358,334
OTP,0,20140124,165607,4358,334
OTP,0,20140124,165622,4360,40
OTP,0,20140124,165622,4360,40
OTP,0,20140124,165622,4360,40
OTP,0,20140124,165622,4360,40
OTP,0,20140124,165622,4360,40
OTP,0,20140124,165622,4360,40
OTP,0,20140124,165622,4360,40
OTP,0,20140124,165622,4360,40
OTP,0,20140124,165622,4360,20
OTP,0,20140124,165622,4360,20
OTP,0,20140124,165622,4360,20
OTP,0,20140124,165622,4360,20
OTP,0,20140124,165622,4360,20
OTP,0,20140124,165622,4360,20
OTP,0,20140124,165622,4360,20
OTP,0,20140124,165622,4360,20
OTP,0,20140124,165624,4355,50
OTP,0,20140124,165624,4355,50
OTP,0,20140124,165624,4355,50
OTP,0,20140124,165624,4355,50
OTP,0,20140124,165624,4355,50
OTP,0,20140124,165624,4355,50
OTP,0,20140124,165624,4355,50
OTP,0,20140124,165624,4355,50
OTP,0,20140124,165624,4360,10
OTP,0,20140124,165624,4360,10
OTP,0,20140124,165624,4360,10
OTP,0,20140124,165624,4360,10
OTP,0,20140124,165624,4360,10
OTP,0,20140124,165624,4360,10
OTP,0,20140124,165624,4360,10
OTP,0,20140124,165624,4360,10
OTP,0,20140124,165625,4355,70
OTP,0,20140124,165625,4355,70
OTP,0,20140124,165625,4355,70
OTP,0,20140124,165625,4355,70
OTP,0,20140124,165625,4355,70
OTP,0,20140124,165625,4355,70
OTP,0,20140124,165625,4355,70
OTP,0,20140124,165625,4355,70
OTP,0,20140124,165625,4353,30
OTP,0,20140124,165625,4353,30
OTP,0,20140124,165625,4353,30
OTP,0,20140124,165625,4353,30
OTP,0,20140124,165625,4353,30
OTP,0,20140124,165625,4353,30
OTP,0,20140124,165625,4353,30
OTP,0,20140124,165625,4353,30
OTP,0,20140124,165625,4360,16
OTP,0,20140124,165625,4360,16
OTP,0,20140124,165625,4360,16
OTP,0,20140124,165625,4360,16
OTP,0,20140124,165625,4360,16
OTP,0,20140124,165625,4360,16
OTP,0,20140124,165625,4360,16
OTP,0,20140124,165625,4360,16
OTP,0,20140124,165625,4360,200
OTP,0,20140124,165625,4360,200
OTP,0,20140124,165625,4360,200
OTP,0,20140124,165625,4360,200
OTP,0,20140124,165625,4360,200
OTP,0,20140124,165625,4360,200
OTP,0,20140124,165625,4360,200
OTP,0,20140124,165625,4360,200
OTP,0,20140124,165625,4353,50
OTP,0,20140124,165625,4353,50
OTP,0,20140124,165625,4353,50
OTP,0,20140124,165625,4353,50
OTP,0,20140124,165625,4353,50
OTP,0,20140124,165625,4353,50
OTP,0,20140124,165625,4353,50
OTP,0,20140124,165625,4353,50
OTP,0,20140124,165625,4353,60
OTP,0,20140124,165625,4353,60
OTP,0,20140124,165625,4353,60
OTP,0,20140124,165625,4353,60
OTP,0,20140124,165625,4353,60
OTP,0,20140124,165625,4353,60
OTP,0,20140124,165625,4353,60
OTP,0,20140124,165625,4353,60
OTP,0,20140124,165635,4358,60
OTP,0,20140124,165635,4358,60
OTP,0,20140124,165635,4358,60
OTP,0,20140124,165635,4358,60
OTP,0,20140124,165635,4358,60
OTP,0,20140124,165635,4358,60
OTP,0,20140124,165635,4358,60
OTP,0,20140124,165641,4358,440
OTP,0,20140124,165641,4358,440
OTP,0,20140124,165641,4358,440
OTP,0,20140124,165641,4358,440
OTP,0,20140124,165641,4358,440
OTP,0,20140124,165641,4358,440
OTP,0,20140124,165641,4358,440
OTP,0,20140124,165654,4357,20
OTP,0,20140124,165654,4357,20
OTP,0,20140124,165654,4357,20
OTP,0,20140124,165654,4357,20
OTP,0,20140124,165654,4357,20
OTP,0,20140124,165654,4357,20
OTP,0,20140124,165654,4357,20
OTP,0,20140124,165703,4357,100
OTP,0,20140124,165703,4357,100
OTP,0,20140124,165703,4357,100
OTP,0,20140124,165703,4357,100
OTP,0,20140124,165703,4357,100
OTP,0,20140124,165703,4357,100
OTP,0,20140124,165703,4357,100
OTP,0,20140124,165712,4357,50
OTP,0,20140124,165712,4357,50
OTP,0,20140124,165712,4357,50
OTP,0,20140124,165712,4357,50
OTP,0,20140124,165712,4357,50
OTP,0,20140124,165712,4357,50
OTP,0,20140124,165712,4357,50
OTP,0,20140124,165716,4357,50
OTP,0,20140124,165716,4357,50
OTP,0,20140124,165716,4357,50
OTP,0,20140124,165716,4357,50
OTP,0,20140124,165716,4357,50
OTP,0,20140124,165716,4357,50
OTP,0,20140124,165716,4357,50
OTP,0,20140124,165722,4357,280
OTP,0,20140124,165722,4357,280
OTP,0,20140124,165722,4357,280
OTP,0,20140124,165722,4357,280
OTP,0,20140124,165722,4357,280
OTP,0,20140124,165722,4357,280
OTP,0,20140124,165722,4357,280
OTP,0,20140124,165722,4358,63
OTP,0,20140124,165722,4358,63
OTP,0,20140124,165722,4358,63
OTP,0,20140124,165722,4358,63
OTP,0,20140124,165722,4358,63
OTP,0,20140124,165722,4358,63
OTP,0,20140124,165722,4358,63
OTP,0,20140124,165723,4358,500
OTP,0,20140124,165723,4358,500
OTP,0,20140124,165723,4358,500
OTP,0,20140124,165723,4358,500
OTP,0,20140124,165723,4358,500
OTP,0,20140124,165723,4358,500
OTP,0,20140124,165723,4358,500
OTP,0,20140124,165723,4356,20
OTP,0,20140124,165723,4356,20
OTP,0,20140124,165723,4356,20
OTP,0,20140124,165723,4356,20
OTP,0,20140124,165723,4356,20
OTP,0,20140124,165723,4356,20
OTP,0,20140124,165723,4356,20
OTP,0,20140124,165728,4355,260
OTP,0,20140124,165728,4355,260
OTP,0,20140124,165728,4355,260
OTP,0,20140124,165728,4355,260
OTP,0,20140124,165728,4355,260
OTP,0,20140124,165728,4355,260
OTP,0,20140124,165728,4355,260
OTP,0,20140124,165739,4355,100
OTP,0,20140124,165739,4355,100
OTP,0,20140124,165739,4355,100
OTP,0,20140124,165739,4355,100
OTP,0,20140124,165739,4355,100
OTP,0,20140124,165739,4355,100
OTP,0,20140124,165739,4355,100
OTP,0,20140124,165739,4353,237
OTP,0,20140124,165739,4353,237
OTP,0,20140124,165739,4353,237
OTP,0,20140124,165739,4353,237
OTP,0,20140124,165739,4353,237
OTP,0,20140124,165739,4353,237
OTP,0,20140124,165739,4353,237
OTP,0,20140124,165739,4352,270
OTP,0,20140124,165739,4352,270
