<TICKER>,<PER>,<DTYYYYMMDD>,<TIME>,<CLOSE>,<VOLUME>
OTP,0,20140121,090032,4415,775
OTP,0,20140121,090305,4429,1
OTP,0,20140121,090319,4430,245
OTP,0,20140121,090321,4434,300
OTP,0,20140121,090321,4435,1000
OTP,0,20140121,090329,4444,110
OTP,0,20140121,090341,4432,980
OTP,0,20140121,090344,4432,320
OTP,0,20140121,090348,4431,943
OTP,0,20140121,090352,4430,257
OTP,0,20140121,090359,4431,600
OTP,0,20140121,090359,4430,200
OTP,0,20140121,090408,4435,500
OTP,0,20140121,090413,4432,1060
OTP,0,20140121,090417,4432,320
OTP,0,20140121,090418,4442,1000
OTP,0,20140121,090419,4430,618
OTP,0,20140121,090430,4433,620
OTP,0,20140121,090440,4439,1000
OTP,0,20140121,090440,4433,580
OTP,0,20140121,090441,4440,217
OTP,0,20140121,090442,4440,783
OTP,0,20140121,090451,4440,217
OTP,0,20140121,090458,4441,1887
OTP,0,20140121,090543,4433,200
OTP,0,20140121,090550,4433,800
OTP,0,20140121,090606,4433,200
OTP,0,20140121,090606,4431,50
OTP,0,20140121,090610,4431,100
OTP,0,20140121,090628,4431,350
OTP,0,20140121,090628,4430,1000
OTP,0,20140121,090633,4429,220
OTP,0,20140121,090633,4430,1000
OTP,0,20140121,090643,4430,650
OTP,0,20140121,090644,4430,30
OTP,0,20140121,090700,4430,100
OTP,0,20140121,090715,4430,226
OTP,0,20140121,090743,4430,363
OTP,0,20140121,090808,4430,25
OTP,0,20140121,090826,4430,622
OTP,0,20140121,090834,4429,1000
OTP,0,20140121,090850,4430,295
OTP,0,20140121,090905,4430,1331
OTP,0,20140121,091258,4431,90
OTP,0,20140121,091310,4435,1000
OTP,0,20140121,091608,4431,50
OTP,0,20140121,091646,4436,154
OTP,0,20140121,091646,4437,71
OTP,0,20140121,091740,4437,150
OTP,0,20140121,091809,4436,20
OTP,0,20140121,091902,4437,150
OTP,0,20140121,092045,4437,55
OTP,0,20140121,092124,4437,674
OTP,0,20140121,092124,4439,108
OTP,0,20140121,092124,4440,2551
OTP,0,20140121,092126,4435,60
OTP,0,20140121,092341,4440,27
OTP,0,20140121,092354,4437,50
OTP,0,20140121,092414,4435,1473
OTP,0,20140121,092446,4438,15
OTP,0,20140121,092454,4435,1000
OTP,0,20140121,092508,4437,1339
OTP,0,20140121,092536,4444,1000
OTP,0,20140121,092537,4444,582
OTP,0,20140121,092537,4445,418
OTP,0,20140121,092537,4445,1000
OTP,0,20140121,092537,4445,582
OTP,0,20140121,092537,4449,418
OTP,0,20140121,092537,4449,1000
OTP,0,20140121,092537,4449,13
OTP,0,20140121,092537,4450,987
OTP,0,20140121,092538,4450,1000
OTP,0,20140121,092538,4450,982
OTP,0,20140121,092539,4450,400
OTP,0,20140121,092542,4450,618
OTP,0,20140121,092552,4450,333
OTP,0,20140121,092553,4450,1896
OTP,0,20140121,092553,4450,1489
OTP,0,20140121,092556,4450,382
OTP,0,20140121,092606,4450,1000
OTP,0,20140121,092615,4450,500
OTP,0,20140121,092639,4455,305
OTP,0,20140121,092639,4459,190
OTP,0,20140121,092639,4460,515
OTP,0,20140121,092639,4462,220
OTP,0,20140121,092639,4464,200
OTP,0,20140121,092639,4465,550
OTP,0,20140121,092639,4468,31
OTP,0,20140121,092639,4468,87
OTP,0,20140121,092639,4470,13
OTP,0,20140121,092644,4465,1251
OTP,0,20140121,092645,4470,1111
OTP,0,20140121,092649,4469,553
OTP,0,20140121,092700,4469,553
OTP,0,20140121,092717,4469,1000
OTP,0,20140121,092718,4465,6769
OTP,0,20140121,092722,4453,100
OTP,0,20140121,092725,4465,231
OTP,0,20140121,092742,4465,647
OTP,0,20140121,092801,4464,20
OTP,0,20140121,092805,4465,500
OTP,0,20140121,092814,4465,480
OTP,0,20140121,092828,4465,220
OTP,0,20140121,092900,4467,100
OTP,0,20140121,092900,4468,1000
OTP,0,20140121,092900,4469,949
OTP,0,20140121,092900,4470,2200
OTP,0,20140121,092916,4465,200
OTP,0,20140121,092924,4470,300
OTP,0,20140121,092941,4470,275
OTP,0,20140121,092945,4470,425
OTP,0,20140121,092951,4470,1575
OTP,0,20140121,093020,4470,292
OTP,0,20140121,093023,4471,200
OTP,0,20140121,093023,4473,800
OTP,0,20140121,093034,4470,70
OTP,0,20140121,093051,4470,150
OTP,0,20140121,093122,4470,68
OTP,0,20140121,093135,4470,1000
OTP,0,20140121,093138,4470,1245
OTP,0,20140121,093154,4470,200
OTP,0,20140121,093158,4470,110
OTP,0,20140121,093201,4471,122
OTP,0,20140121,093201,4473,208
OTP,0,20140121,093201,4474,670
OTP,0,20140121,093210,4474,340
OTP,0,20140121,093210,4475,548
OTP,0,20140121,093210,4477,112
OTP,0,20140121,093210,4477,138
OTP,0,20140121,093210,4478,862
OTP,0,20140121,093210,4478,915
OTP,0,20140121,093210,4479,85
OTP,0,20140121,093210,4479,941
OTP,0,20140121,093210,4480,59
OTP,0,20140121,093211,4480,1000
OTP,0,20140121,093211,4480,577
OTP,0,20140121,093228,4480,200
OTP,0,20140121,093241,4482,20
OTP,0,20140121,093241,4485,203
OTP,0,20140121,093256,4484,23
OTP,0,20140121,093256,4485,432
OTP,0,20140121,093256,4486,50
OTP,0,20140121,093256,4487,100
OTP,0,20140121,093256,4488,85
OTP,0,20140121,093310,4485,500
OTP,0,20140121,093312,4485,500
OTP,0,20140121,093316,4487,617
OTP,0,20140121,093316,4488,883
OTP,0,20140121,093321,4485,250
OTP,0,20140121,093321,4488,182
OTP,0,20140121,093321,4489,1919
OTP,0,20140121,093321,4490,4312
OTP,0,20140121,093326,4485,275
OTP,0,20140121,093332,4490,20
OTP,0,20140121,093343,4489,500
OTP,0,20140121,093343,4490,500
OTP,0,20140121,093345,4490,500
OTP,0,20140121,093355,4485,1475
OTP,0,20140121,093400,4485,8
OTP,0,20140121,093404,4480,500
OTP,0,20140121,093411,4480,500
OTP,0,20140121,093420,4475,100
OTP,0,20140121,093436,4475,900
OTP,0,20140121,093449,4472,170
OTP,0,20140121,093504,4472,1000
OTP,0,20140121,093510,4472,187
OTP,0,20140121,093633,4471,47
OTP,0,20140121,093646,4471,153
OTP,0,20140121,093646,4470,1847
OTP,0,20140121,093811,4474,600
OTP,0,20140121,093811,4475,900
OTP,0,20140121,093847,4476,1816
OTP,0,20140121,093852,4476,17
OTP,0,20140121,093912,4480,50
OTP,0,20140121,093931,4480,450
OTP,0,20140121,093931,4476,1167
OTP,0,20140121,093931,4475,96
OTP,0,20140121,093948,4483,950
OTP,0,20140121,093948,4484,4179
OTP,0,20140121,094006,4484,2000
OTP,0,20140121,094006,4484,821
OTP,0,20140121,094020,4489,874
OTP,0,20140121,094020,4490,126
OTP,0,20140121,094021,4490,1000
OTP,0,20140121,094023,4490,1000
OTP,0,20140121,094028,4490,1000
OTP,0,20140121,094046,4488,5
OTP,0,20140121,094046,4490,749
OTP,0,20140121,094046,4491,200
OTP,0,20140121,094046,4492,120
OTP,0,20140121,094046,4493,363
OTP,0,20140121,094050,4490,3000
OTP,0,20140121,094050,4494,1132
OTP,0,20140121,094050,4495,16872
OTP,0,20140121,094050,4496,435
OTP,0,20140121,094050,4498,2946
OTP,0,20140121,094055,4499,3878
OTP,0,20140121,094100,4500,2500
OTP,0,20140121,094108,4499,1000
OTP,0,20140121,094120,4498,100
OTP,0,20140121,094120,4499,3167
OTP,0,20140121,094120,4500,21733
OTP,0,20140121,094122,4499,100
OTP,0,20140121,094122,4500,900
OTP,0,20140121,094122,4500,1000
OTP,0,20140121,094123,4500,1000
OTP,0,20140121,094123,4500,1000
OTP,0,20140121,094123,4500,1000
OTP,0,20140121,094123,4500,1000
OTP,0,20140121,094123,4500,1000
OTP,0,20140121,094123,4500,1000
OTP,0,20140121,094124,4500,1000
OTP,0,20140121,094125,4500,1000
OTP,0,20140121,094125,4500,1000
OTP,0,20140121,094126,4500,1000
OTP,0,20140121,094126,4500,1000
OTP,0,20140121,094126,4500,1000
OTP,0,20140121,094126,4500,5026
OTP,0,20140121,094142,4500,10000
OTP,0,20140121,094143,4501,421
OTP,0,20140121,094143,4502,330
OTP,0,20140121,094143,4503,46
OTP,0,20140121,094143,4505,4008
OTP,0,20140121,094157,4505,195
OTP,0,20140121,094211,4500,179
OTP,0,20140121,094213,4500,100
OTP,0,20140121,094316,4490,20
OTP,0,20140121,094316,4491,1439
OTP,0,20140121,094336,4491,5
OTP,0,20140121,094341,4491,36
OTP,0,20140121,094426,4490,30
OTP,0,20140121,094500,4485,200
OTP,0,20140121,094531,4485,550
OTP,0,20140121,094535,4484,668
OTP,0,20140121,094550,4485,150
OTP,0,20140121,094607,4485,75
OTP,0,20140121,094610,4490,10
OTP,0,20140121,094644,4485,275
OTP,0,20140121,094644,4484,521
OTP,0,20140121,094649,4484,500
OTP,0,20140121,094653,4484,500
OTP,0,20140121,094704,4481,700
OTP,0,20140121,094708,4480,300
OTP,0,20140121,094729,4481,500
OTP,0,20140121,094729,4480,1500
OTP,0,20140121,094806,4480,30
OTP,0,20140121,094826,4480,130
OTP,0,20140121,094918,4480,1470
OTP,0,20140121,094958,4481,313
OTP,0,20140121,095010,4484,414
OTP,0,20140121,095120,4489,500
OTP,0,20140121,095120,4490,321
OTP,0,20140121,095218,4482,41
OTP,0,20140121,095310,4482,145
OTP,0,20140121,095323,4482,55
OTP,0,20140121,095327,4482,10
OTP,0,20140121,095357,4482,237
OTP,0,20140121,095509,4482,708
OTP,0,20140121,095509,4481,387
OTP,0,20140121,095509,4480,2905
OTP,0,20140121,095523,4480,1000
OTP,0,20140121,095536,4480,175
OTP,0,20140121,095600,4480,750
OTP,0,20140121,095856,4479,1000
OTP,0,20140121,095905,4479,1000
OTP,0,20140121,095905,4479,485
OTP,0,20140121,095905,4480,75
OTP,0,20140121,095908,4480,143
OTP,0,20140121,095953,4484,30
OTP,0,20140121,095953,4485,770
OTP,0,20140121,095956,4485,750
OTP,0,20140121,095958,4483,320
OTP,0,20140121,100036,4483,430
OTP,0,20140121,100036,4482,1000
OTP,0,20140121,100036,4480,5291
OTP,0,20140121,100105,4481,100
OTP,0,20140121,100149,4481,130
OTP,0,20140121,100345,4482,357
OTP,0,20140121,100359,4481,770
OTP,0,20140121,100403,4481,230
OTP,0,20140121,100503,4481,658
OTP,0,20140121,100507,4480,1842
OTP,0,20140121,100533,4480,40
OTP,0,20140121,100533,4480,1763
OTP,0,20140121,100731,4483,80
OTP,0,20140121,100747,4483,20
OTP,0,20140121,100747,4482,100
OTP,0,20140121,100747,4480,130
OTP,0,20140121,100810,4484,85
OTP,0,20140121,100810,4488,93
OTP,0,20140121,100810,4489,891
OTP,0,20140121,100810,4490,7779
OTP,0,20140121,100915,4490,1000
OTP,0,20140121,100919,4482,300
OTP,0,20140121,101018,4490,1350
OTP,0,20140121,101024,4490,1000
OTP,0,20140121,101226,4491,9
OTP,0,20140121,101245,4485,100
OTP,0,20140121,101245,4490,100
OTP,0,20140121,101246,4490,100
OTP,0,20140121,101249,4490,1900
OTP,0,20140121,101316,4490,1834
OTP,0,20140121,101413,4490,2699
OTP,0,20140121,101414,4490,80
OTP,0,20140121,101414,4490,1940
OTP,0,20140121,101417,4491,200
OTP,0,20140121,101517,4490,50
OTP,0,20140121,101536,4491,391
OTP,0,20140121,101601,4491,50
OTP,0,20140121,101710,4492,21
OTP,0,20140121,101710,4494,1538
OTP,0,20140121,101907,4491,50
OTP,0,20140121,101938,4491,9
OTP,0,20140121,101938,4485,491
OTP,0,20140121,101942,4494,20
OTP,0,20140121,102122,4485,9
OTP,0,20140121,102150,4483,10
OTP,0,20140121,102150,4480,847
OTP,0,20140121,102230,4481,500
OTP,0,20140121,102234,4480,1587
OTP,0,20140121,102723,4480,21
OTP,0,20140121,102829,4480,290
OTP,0,20140121,103015,4480,330
OTP,0,20140121,103123,4484,3515
OTP,0,20140121,103218,4485,14
OTP,0,20140121,103235,4485,27
OTP,0,20140121,103235,4490,973
OTP,0,20140121,103250,4481,260
OTP,0,20140121,103305,4485,30
OTP,0,20140121,103305,4481,970
OTP,0,20140121,103404,4488,1
OTP,0,20140121,103616,4481,300
OTP,0,20140121,103639,4481,5
OTP,0,20140121,103722,4481,500
OTP,0,20140121,103742,4481,300
OTP,0,20140121,103802,4485,157
OTP,0,20140121,104012,4485,43
OTP,0,20140121,104012,4481,57
OTP,0,20140121,104105,4488,749
OTP,0,20140121,104105,4489,251
OTP,0,20140121,104105,4489,1000
OTP,0,20140121,104105,4489,799
OTP,0,20140121,104105,4490,201
OTP,0,20140121,104106,4490,1000
OTP,0,20140121,104106,4490,1000
OTP,0,20140121,104106,4490,1000
OTP,0,20140121,104106,4490,1003
OTP,0,20140121,104107,4490,1000
OTP,0,20140121,104112,4490,568
OTP,0,20140121,104152,4485,300
OTP,0,20140121,104429,4485,45
OTP,0,20140121,104429,4490,200
OTP,0,20140121,104504,4490,500
OTP,0,20140121,104537,4490,609
OTP,0,20140121,104640,4483,50
OTP,0,20140121,104719,4489,830
OTP,0,20140121,104808,4484,100
OTP,0,20140121,104838,4483,200
OTP,0,20140121,104856,4483,200
OTP,0,20140121,104946,4488,80
OTP,0,20140121,104946,4490,125
OTP,0,20140121,104957,4492,537
OTP,0,20140121,104957,4493,600
OTP,0,20140121,104957,4494,10412
OTP,0,20140121,104957,4495,7005
OTP,0,20140121,104958,4495,2888
OTP,0,20140121,105003,4495,1300
OTP,0,20140121,105003,4490,30
OTP,0,20140121,105025,4490,70
OTP,0,20140121,105025,4492,350
OTP,0,20140121,105025,4495,608
OTP,0,20140121,105043,4489,140
OTP,0,20140121,105109,4487,600
OTP,0,20140121,105142,4494,17
OTP,0,20140121,105142,4495,1983
OTP,0,20140121,105146,4490,120
OTP,0,20140121,105201,4490,50
OTP,0,20140121,105207,4490,20
OTP,0,20140121,105245,4494,125
OTP,0,20140121,105245,4495,875
OTP,0,20140121,105245,4495,1000
OTP,0,20140121,105245,4493,50
OTP,0,20140121,105245,4495,950
OTP,0,20140121,105245,4495,1000
OTP,0,20140121,105246,4495,1000
OTP,0,20140121,105246,4495,556
OTP,0,20140121,105246,4496,40
OTP,0,20140121,105246,4498,404
OTP,0,20140121,105246,4498,996
OTP,0,20140121,105246,4499,4
OTP,0,20140121,105247,4499,1517
OTP,0,20140121,105247,4499,1000
OTP,0,20140121,105247,4499,1000
OTP,0,20140121,105247,4499,1000
OTP,0,20140121,105247,4499,1000
OTP,0,20140121,105248,4499,203
OTP,0,20140121,105248,4500,797
OTP,0,20140121,105248,4500,1000
OTP,0,20140121,105250,4500,1000
OTP,0,20140121,105250,4500,1000
OTP,0,20140121,105251,4500,1000
OTP,0,20140121,105251,4500,1000
OTP,0,20140121,105252,4500,1000
OTP,0,20140121,105255,4500,1000
OTP,0,20140121,105255,4500,1484
OTP,0,20140121,105258,4500,1000
OTP,0,20140121,105300,4500,1000
OTP,0,20140121,105301,4500,10000
OTP,0,20140121,105301,4500,440
OTP,0,20140121,105326,4499,707
OTP,0,20140121,105333,4499,143
OTP,0,20140121,105333,4500,4857
OTP,0,20140121,105334,4495,160
OTP,0,20140121,105415,4500,1000
OTP,0,20140121,105415,4500,1712
OTP,0,20140121,105416,4500,1617
OTP,0,20140121,105423,4500,3783
OTP,0,20140121,105427,4500,3217
OTP,0,20140121,105430,4500,1783
OTP,0,20140121,105444,4500,5000
OTP,0,20140121,105444,4500,1903
OTP,0,20140121,105451,4500,5000
OTP,0,20140121,105452,4499,500
OTP,0,20140121,105453,4500,100
OTP,0,20140121,105456,4499,1176
OTP,0,20140121,105456,4498,824
OTP,0,20140121,105459,4498,48
OTP,0,20140121,105500,4498,4128
OTP,0,20140121,105500,4495,10872
OTP,0,20140121,105501,4500,2764
OTP,0,20140121,105504,4499,12
OTP,0,20140121,105504,4500,988
OTP,0,20140121,105512,4495,4128
OTP,0,20140121,105537,4490,50
OTP,0,20140121,105543,4495,5000
OTP,0,20140121,105545,4490,760
OTP,0,20140121,105545,4490,50
OTP,0,20140121,105604,4490,550
OTP,0,20140121,105611,4490,24
OTP,0,20140121,105632,4489,305
OTP,0,20140121,105632,4488,285
OTP,0,20140121,105714,4486,25
OTP,0,20140121,105835,4486,341
OTP,0,20140121,105949,4490,20
OTP,0,20140121,110041,4490,2000
OTP,0,20140121,110143,4490,1950
OTP,0,20140121,110155,4486,90
OTP,0,20140121,110155,4485,129
OTP,0,20140121,110430,4485,500
OTP,0,20140121,110642,4489,478
OTP,0,20140121,110642,4490,350
OTP,0,20140121,110741,4494,864
OTP,0,20140121,110741,4495,1636
OTP,0,20140121,110814,4495,172
OTP,0,20140121,110827,4495,1000
OTP,0,20140121,111008,4495,1006
OTP,0,20140121,111008,4496,50
OTP,0,20140121,111008,4497,470
OTP,0,20140121,111008,4498,2452
OTP,0,20140121,111008,4499,2010
OTP,0,20140121,111008,4500,4012
OTP,0,20140121,111008,4500,200
OTP,0,20140121,111009,4500,2944
OTP,0,20140121,111013,4500,5000
OTP,0,20140121,111015,4500,8671
OTP,0,20140121,111018,4500,250
OTP,0,20140121,111023,4501,650
OTP,0,20140121,111035,4501,1858
OTP,0,20140121,111039,4502,85
OTP,0,20140121,111039,4504,1100
OTP,0,20140121,111039,4505,315
OTP,0,20140121,111039,4501,2500
OTP,0,20140121,111044,4505,2000
OTP,0,20140121,111058,4503,1471
OTP,0,20140121,111058,4501,1029
OTP,0,20140121,111100,4505,2163
OTP,0,20140121,111101,4506,105
OTP,0,20140121,111102,4507,900
OTP,0,20140121,111142,4508,4079
OTP,0,20140121,111142,4506,2500
OTP,0,20140121,111143,4508,2186
OTP,0,20140121,111207,4507,17
OTP,0,20140121,111210,4507,200
OTP,0,20140121,111211,4507,183
OTP,0,20140121,111243,4506,180
OTP,0,20140121,111243,4505,1245
OTP,0,20140121,111256,4502,530
OTP,0,20140121,111320,4502,7
OTP,0,20140121,111336,4502,213
OTP,0,20140121,111336,4501,1377
OTP,0,20140121,111337,4501,1806
OTP,0,20140121,111350,4500,3000
OTP,0,20140121,111430,4500,1820
OTP,0,20140121,111519,4500,750
OTP,0,20140121,111746,4496,1752
OTP,0,20140121,111826,4492,300
OTP,0,20140121,111826,4491,200
OTP,0,20140121,112002,4491,57
OTP,0,20140121,112143,4495,1500
OTP,0,20140121,112349,4491,3313
OTP,0,20140121,112349,4490,1852
OTP,0,20140121,112355,4490,4835
OTP,0,20140121,112407,4487,26
OTP,0,20140121,112658,4490,387
OTP,0,20140121,112741,4494,1500
OTP,0,20140121,112752,4494,10
OTP,0,20140121,112752,4495,100
OTP,0,20140121,112752,4498,750
OTP,0,20140121,112752,4499,3732
OTP,0,20140121,112754,4500,4000
OTP,0,20140121,112754,4500,2305
OTP,0,20140121,112812,4499,5000
OTP,0,20140121,112824,4500,100
OTP,0,20140121,112826,4500,2000
OTP,0,20140121,112832,4500,1900
OTP,0,20140121,112834,4500,100
OTP,0,20140121,112847,4500,2000
OTP,0,20140121,112854,4500,1000
OTP,0,20140121,112858,4500,2000
OTP,0,20140121,112913,4500,1248
OTP,0,20140121,112924,4500,3000
OTP,0,20140121,112925,4500,752
OTP,0,20140121,112925,4499,408
OTP,0,20140121,112931,4499,1500
OTP,0,20140121,112934,4499,190
OTP,0,20140121,112937,4500,3000
OTP,0,20140121,112938,4501,300
OTP,0,20140121,112946,4500,200
OTP,0,20140121,112950,4500,1500
OTP,0,20140121,113009,4500,4000
OTP,0,20140121,113012,4500,1583
OTP,0,20140121,113017,4500,417
OTP,0,20140121,113033,4500,470
OTP,0,20140121,113104,4500,100
OTP,0,20140121,113154,4500,200
OTP,0,20140121,113222,4500,100
OTP,0,20140121,113227,4500,4000
OTP,0,20140121,113315,4503,200
OTP,0,20140121,113315,4504,20
OTP,0,20140121,113315,4505,4780
OTP,0,20140121,113315,4505,4761
OTP,0,20140121,113413,4501,100
OTP,0,20140121,113547,4501,100
OTP,0,20140121,113557,4501,550
OTP,0,20140121,113557,4500,650
OTP,0,20140121,113558,4500,300
OTP,0,20140121,113601,4500,100
OTP,0,20140121,113632,4501,30000
OTP,0,20140121,113714,4501,25
OTP,0,20140121,113715,4501,30
OTP,0,20140121,113730,4503,270
OTP,0,20140121,113730,4504,600
OTP,0,20140121,113730,4505,130
OTP,0,20140121,113741,4505,270
OTP,0,20140121,113747,4505,100
OTP,0,20140121,113755,4505,130
OTP,0,20140121,113755,4503,149
OTP,0,20140121,113800,4505,500
OTP,0,20140121,113800,4503,181
OTP,0,20140121,113807,4502,319
OTP,0,20140121,113846,4501,1445
OTP,0,20140121,113846,4500,3555
OTP,0,20140121,113855,4500,1522
OTP,0,20140121,113855,4500,1200
OTP,0,20140121,113935,4501,1050
OTP,0,20140121,113951,4501,500
OTP,0,20140121,114009,4501,950
OTP,0,20140121,114012,4501,1150
OTP,0,20140121,114019,4500,20
OTP,0,20140121,114021,4500,1000
OTP,0,20140121,114028,4500,2000
OTP,0,20140121,114032,4500,10
OTP,0,20140121,114045,4500,75
OTP,0,20140121,114101,4500,999
OTP,0,20140121,114125,4499,5
OTP,0,20140121,114132,4500,1
OTP,0,20140121,114210,4500,999
OTP,0,20140121,114222,4500,1
OTP,0,20140121,114400,4501,978
OTP,0,20140121,114410,4501,110
OTP,0,20140121,114603,4502,100
OTP,0,20140121,114603,4504,900
OTP,0,20140121,114634,4501,225
OTP,0,20140121,114804,4501,100
OTP,0,20140121,114907,4501,50
OTP,0,20140121,114939,4501,236
OTP,0,20140121,114941,4502,541
OTP,0,20140121,114941,4501,1000
OTP,0,20140121,114941,4500,459
OTP,0,20140121,115046,4500,25
OTP,0,20140121,115100,4500,25
OTP,0,20140121,115113,4500,292
OTP,0,20140121,115114,4500,50
OTP,0,20140121,115127,4500,720
OTP,0,20140121,115132,4500,10
OTP,0,20140121,115138,4500,10
OTP,0,20140121,115148,4500,20
OTP,0,20140121,115211,4500,2630
OTP,0,20140121,115302,4500,200
OTP,0,20140121,115319,4501,8
OTP,0,20140121,115320,4500,10
OTP,0,20140121,115346,4501,40
OTP,0,20140121,115418,4500,100
OTP,0,20140121,115524,4500,265
OTP,0,20140121,115550,4500,135
OTP,0,20140121,115557,4500,300
OTP,0,20140121,115632,4500,200
OTP,0,20140121,115633,4501,427
OTP,0,20140121,115654,4500,100
OTP,0,20140121,115705,4500,3
OTP,0,20140121,115834,4502,70
OTP,0,20140121,115834,4504,674
OTP,0,20140121,115834,4505,1256
OTP,0,20140121,115954,4505,2277
OTP,0,20140121,120001,4503,300
OTP,0,20140121,120012,4503,1609
OTP,0,20140121,120025,4503,391
OTP,0,20140121,120053,4503,600
OTP,0,20140121,120053,4503,60
OTP,0,20140121,120153,4503,82
OTP,0,20140121,120203,4503,200
OTP,0,20140121,120245,4507,200
OTP,0,20140121,120245,4508,4700
OTP,0,20140121,120245,4509,100
OTP,0,20140121,120324,4504,255
OTP,0,20140121,120342,4509,6301
OTP,0,20140121,120342,4510,43699
OTP,0,20140121,120342,4510,610
OTP,0,20140121,120343,4511,1427
OTP,0,20140121,120344,4512,2000
OTP,0,20140121,120344,4512,30
OTP,0,20140121,120344,4513,405
OTP,0,20140121,120344,4514,745
OTP,0,20140121,120344,4515,255
OTP,0,20140121,120344,4515,1000
OTP,0,20140121,120344,4515,1600
OTP,0,20140121,120344,4515,100
OTP,0,20140121,120344,4515,50
OTP,0,20140121,120348,4512,900
OTP,0,20140121,120348,4515,6991
OTP,0,20140121,120353,4515,1000
OTP,0,20140121,120356,4515,750
OTP,0,20140121,120356,4515,645
OTP,0,20140121,120406,4516,490
OTP,0,20140121,120406,4518,820
OTP,0,20140121,120406,4519,1185
OTP,0,20140121,120406,4520,20359
OTP,0,20140121,120406,4521,200
OTP,0,20140121,120406,4521,392
OTP,0,20140121,120406,4522,20
OTP,0,20140121,120406,4523,88
OTP,0,20140121,120406,4523,62
OTP,0,20140121,120406,4524,338
OTP,0,20140121,120406,4524,41
OTP,0,20140121,120406,4524,50
OTP,0,20140121,120406,4524,50
OTP,0,20140121,120406,4524,30
OTP,0,20140121,120409,4524,471
OTP,0,20140121,120412,4525,877
OTP,0,20140121,120412,4525,30
OTP,0,20140121,120412,4521,353
OTP,0,20140121,120413,4525,1718
OTP,0,20140121,120417,4526,225
OTP,0,20140121,120417,4525,200
OTP,0,20140121,120419,4525,3000
OTP,0,20140121,120420,4527,15
OTP,0,20140121,120422,4527,106
OTP,0,20140121,120426,4527,100
OTP,0,20140121,120427,4527,695
OTP,0,20140121,120429,4528,1943
OTP,0,20140121,120429,4529,280
OTP,0,20140121,120429,4530,2777
OTP,0,20140121,120429,4530,1408
OTP,0,20140121,120429,4531,100
OTP,0,20140121,120429,4532,20
OTP,0,20140121,120429,4533,472
OTP,0,20140121,120433,4533,8
OTP,0,20140121,120436,4533,738
OTP,0,20140121,120436,4533,12
OTP,0,20140121,120436,4530,375
OTP,0,20140121,120437,4530,625
OTP,0,20140121,120441,4529,2008
OTP,0,20140121,120442,4534,300
OTP,0,20140121,120444,4535,797
OTP,0,20140121,120444,4534,450
OTP,0,20140121,120444,4535,128
OTP,0,20140121,120447,4535,282
OTP,0,20140121,120455,4530,1000
OTP,0,20140121,120457,4534,10
OTP,0,20140121,120502,4530,1671
OTP,0,20140121,120504,4530,329
OTP,0,20140121,120508,4530,2500
OTP,0,20140121,120511,4530,171
OTP,0,20140121,120511,4528,129
OTP,0,20140121,120513,4528,10
OTP,0,20140121,120518,4530,450
OTP,0,20140121,120522,4535,250
OTP,0,20140121,120522,4536,50
OTP,0,20140121,120533,4530,3000
OTP,0,20140121,120534,4530,660
OTP,0,20140121,120538,4529,680
OTP,0,20140121,120546,4528,20
OTP,0,20140121,120549,4530,400
OTP,0,20140121,120550,4527,300
OTP,0,20140121,120555,4528,250
OTP,0,20140121,120555,4528,420
OTP,0,20140121,120556,4528,840
OTP,0,20140121,120608,4530,2600
OTP,0,20140121,120610,4530,2000
OTP,0,20140121,120610,4530,449
OTP,0,20140121,120611,4528,80
OTP,0,20140121,120625,4528,410
OTP,0,20140121,120625,4527,168
OTP,0,20140121,120625,4526,420
OTP,0,20140121,120625,4525,232
OTP,0,20140121,120628,4530,2126
OTP,0,20140121,120628,4534,500
OTP,0,20140121,120628,4535,1180
OTP,0,20140121,120633,4535,500
OTP,0,20140121,120633,4535,500
OTP,0,20140121,120634,4535,194
OTP,0,20140121,120635,4533,75
OTP,0,20140121,120653,4535,1000
OTP,0,20140121,120700,4533,100
OTP,0,20140121,120702,4533,50
OTP,0,20140121,120710,4533,95
OTP,0,20140121,120717,4532,10
OTP,0,20140121,120717,4530,290
OTP,0,20140121,120741,4530,297
OTP,0,20140121,120750,4530,306
OTP,0,20140121,120810,4531,2000
OTP,0,20140121,120810,4530,1000
OTP,0,20140121,120821,4530,400
OTP,0,20140121,120920,4529,50
OTP,0,20140121,120936,4529,50
OTP,0,20140121,120942,4529,400
OTP,0,20140121,121017,4530,2000
OTP,0,20140121,121020,4529,10
OTP,0,20140121,121023,4530,1955
OTP,0,20140121,121102,4530,50
OTP,0,20140121,121107,4530,600
OTP,0,20140121,121112,4530,1850
OTP,0,20140121,121130,4530,7
OTP,0,20140121,121132,4530,12
OTP,0,20140121,121144,4531,10
OTP,0,20140121,121206,4533,105
OTP,0,20140121,121206,4534,20
OTP,0,20140121,121206,4535,2375
OTP,0,20140121,121210,4531,42
OTP,0,20140121,121215,4532,250
OTP,0,20140121,121226,4532,1366
OTP,0,20140121,121236,4532,75
OTP,0,20140121,121241,4535,48
OTP,0,20140121,121241,4536,57
OTP,0,20140121,121252,4532,1925
OTP,0,20140121,121252,4531,1948
OTP,0,20140121,121252,4530,2750
OTP,0,20140121,121259,4530,3000
OTP,0,20140121,121259,4530,986
OTP,0,20140121,121259,4530,424
OTP,0,20140121,121324,4532,200
OTP,0,20140121,121344,4532,220
OTP,0,20140121,121415,4535,420
OTP,0,20140121,121415,4536,668
OTP,0,20140121,121415,4537,237
OTP,0,20140121,121415,4538,360
OTP,0,20140121,121415,4539,2315
OTP,0,20140121,121417,4539,372
OTP,0,20140121,121417,4540,10725
OTP,0,20140121,121417,4541,400
OTP,0,20140121,121417,4542,20
OTP,0,20140121,121417,4544,500
OTP,0,20140121,121417,4545,80
OTP,0,20140121,121419,4545,1000
OTP,0,20140121,121421,4540,565
OTP,0,20140121,121422,4545,1077
OTP,0,20140121,121447,4540,800
OTP,0,20140121,121450,4540,538
OTP,0,20140121,121454,4536,670
OTP,0,20140121,121454,4540,462
OTP,0,20140121,121456,4540,5
OTP,0,20140121,121500,4540,1930
OTP,0,20140121,121503,4540,500
OTP,0,20140121,121503,4540,393
OTP,0,20140121,121505,4540,1000
OTP,0,20140121,121516,4536,10
OTP,0,20140121,121516,4535,190
OTP,0,20140121,121516,4540,3000
OTP,0,20140121,121545,4538,220
OTP,0,20140121,121545,4539,600
OTP,0,20140121,121545,4540,680
OTP,0,20140121,121547,4540,1427
OTP,0,20140121,121548,4540,73
OTP,0,20140121,121553,4540,1427
OTP,0,20140121,121553,4540,10
OTP,0,20140121,121556,4540,250
OTP,0,20140121,121557,4540,150
OTP,0,20140121,121558,4540,163
OTP,0,20140121,121602,4539,250
OTP,0,20140121,121604,4540,21
OTP,0,20140121,121604,4535,30
OTP,0,20140121,121607,4539,500
OTP,0,20140121,121607,4540,500
OTP,0,20140121,121621,4539,500
OTP,0,20140121,121621,4540,100
OTP,0,20140121,121626,4535,30
OTP,0,20140121,121630,4540,255
OTP,0,20140121,121647,4535,45
OTP,0,20140121,121707,4540,2000
OTP,0,20140121,121712,4540,865
OTP,0,20140121,121715,4540,1281
OTP,0,20140121,121716,4540,219
OTP,0,20140121,121717,4540,476
OTP,0,20140121,121719,4540,805
OTP,0,20140121,121738,4539,500
OTP,0,20140121,121738,4540,500
OTP,0,20140121,121739,4540,1000
OTP,0,20140121,121739,4536,100
OTP,0,20140121,121741,4536,100
OTP,0,20140121,121801,4536,90
OTP,0,20140121,121831,4535,200
OTP,0,20140121,121836,4536,10
OTP,0,20140121,121842,4539,255
OTP,0,20140121,121901,4535,1500
OTP,0,20140121,121909,4535,1091
OTP,0,20140121,121910,4534,300
OTP,0,20140121,121916,4531,1500
OTP,0,20140121,121939,4535,1000
OTP,0,20140121,121939,4535,368
OTP,0,20140121,122059,4531,75
OTP,0,20140121,122116,4532,20
OTP,0,20140121,122119,4535,428
OTP,0,20140121,122128,4538,50
OTP,0,20140121,122128,4539,669
OTP,0,20140121,122128,4540,2078
OTP,0,20140121,122130,4535,439
OTP,0,20140121,122135,4538,950
OTP,0,20140121,122135,4540,1150
OTP,0,20140121,122141,4540,1900
OTP,0,20140121,122146,4540,200
OTP,0,20140121,122149,4537,300
OTP,0,20140121,122153,4540,295
OTP,0,20140121,122155,4542,133
OTP,0,20140121,122202,4540,500
OTP,0,20140121,122202,4540,629
OTP,0,20140121,122216,4540,1076
OTP,0,20140121,122219,4540,1500
OTP,0,20140121,122220,4540,600
OTP,0,20140121,122224,4540,1424
OTP,0,20140121,122224,4540,494
OTP,0,20140121,122225,4540,50
OTP,0,20140121,122225,4542,30
OTP,0,20140121,122236,4540,132
OTP,0,20140121,122240,4537,5
OTP,0,20140121,122240,4535,95
OTP,0,20140121,122248,4535,953
OTP,0,20140121,122316,4540,691
OTP,0,20140121,122316,4540,222
OTP,0,20140121,122316,4540,473
OTP,0,20140121,122332,4540,1834
OTP,0,20140121,122332,4544,351
OTP,0,20140121,122333,4539,295
OTP,0,20140121,122333,4536,505
OTP,0,20140121,122337,4536,726
OTP,0,20140121,122421,4540,1016
OTP,0,20140121,122424,4536,500
OTP,0,20140121,122439,4540,473
OTP,0,20140121,122443,4540,40
OTP,0,20140121,122455,4540,1500
OTP,0,20140121,122456,4540,100
OTP,0,20140121,122457,4540,237
OTP,0,20140121,122459,4540,30
OTP,0,20140121,122501,4540,1500
OTP,0,20140121,122501,4542,369
OTP,0,20140121,122514,4540,141
OTP,0,20140121,122517,4540,246
OTP,0,20140121,122519,4540,50
OTP,0,20140121,122536,4540,463
OTP,0,20140121,122556,4540,198
OTP,0,20140121,122612,4541,300
OTP,0,20140121,122629,4541,153
OTP,0,20140121,122633,4541,226
OTP,0,20140121,122638,4541,4621
OTP,0,20140121,122638,4540,379
OTP,0,20140121,122639,4542,299
OTP,0,20140121,122643,4541,1449
OTP,0,20140121,122645,4542,500
OTP,0,20140121,122645,4542,369
OTP,0,20140121,122645,4542,28
OTP,0,20140121,122647,4540,2361
OTP,0,20140121,122653,4540,4139
OTP,0,20140121,122702,4537,1238
OTP,0,20140121,122703,4540,1500
OTP,0,20140121,122708,4540,1000
OTP,0,20140121,122715,4537,1500
OTP,0,20140121,122715,4537,268
OTP,0,20140121,122717,4536,2100
OTP,0,20140121,122719,4535,1364
OTP,0,20140121,122742,4532,315
OTP,0,20140121,122742,4530,202
OTP,0,20140121,122742,4530,100
OTP,0,20140121,122742,4530,17
OTP,0,20140121,122750,4530,1290
OTP,0,20140121,122804,4535,500
OTP,0,20140121,122835,4530,1238
OTP,0,20140121,122839,4530,500
OTP,0,20140121,122839,4530,500
OTP,0,20140121,122839,4530,500
OTP,0,20140121,122845,4530,100
OTP,0,20140121,122847,4530,91
OTP,0,20140121,122850,4530,557
OTP,0,20140121,122907,4530,200
OTP,0,20140121,122908,4530,500
OTP,0,20140121,122911,4534,2000
OTP,0,20140121,122916,4530,500
OTP,0,20140121,122916,4530,500
OTP,0,20140121,122920,4530,253
OTP,0,20140121,122935,4530,330
OTP,0,20140121,122941,4526,313
OTP,0,20140121,122941,4526,167
OTP,0,20140121,122946,4530,1
OTP,0,20140121,123003,4525,200
OTP,0,20140121,123003,4525,100
OTP,0,20140121,123009,4530,14137
OTP,0,20140121,123012,4526,330
OTP,0,20140121,123012,4525,64
OTP,0,20140121,123015,4525,1806
OTP,0,20140121,123017,4530,1000
OTP,0,20140121,123019,4530,200
OTP,0,20140121,123019,4530,300
OTP,0,20140121,123031,4530,500
OTP,0,20140121,123031,4530,500
OTP,0,20140121,123032,4530,311
OTP,0,20140121,123032,4530,500
OTP,0,20140121,123032,4530,189
OTP,0,20140121,123034,4530,311
OTP,0,20140121,123058,4526,23
OTP,0,20140121,123059,4526,242
OTP,0,20140121,123059,4525,259
OTP,0,20140121,123059,4523,348
OTP,0,20140121,123059,4522,6
OTP,0,20140121,123059,4521,6
OTP,0,20140121,123059,4520,2000
OTP,0,20140121,123059,4520,391
OTP,0,20140121,123104,4520,1748
OTP,0,20140121,123116,4530,400
OTP,0,20140121,123116,4530,287
OTP,0,20140121,123147,4518,11
OTP,0,20140121,123147,4517,100
OTP,0,20140121,123147,4516,750
OTP,0,20140121,123147,4515,139
OTP,0,20140121,123210,4518,295
OTP,0,20140121,123210,4529,5
OTP,0,20140121,123220,4518,315
OTP,0,20140121,123343,4520,27
OTP,0,20140121,123353,4520,409
OTP,0,20140121,123401,4520,91
OTP,0,20140121,123405,4519,17
OTP,0,20140121,123429,4520,15
OTP,0,20140121,123456,4525,100
OTP,0,20140121,123533,4525,10
OTP,0,20140121,123533,4529,425
OTP,0,20140121,123602,4525,14
OTP,0,20140121,123659,4525,12
OTP,0,20140121,123712,4525,5
OTP,0,20140121,123735,4525,12
OTP,0,20140121,123736,4527,10
OTP,0,20140121,123736,4528,11
OTP,0,20140121,123736,4529,363
OTP,0,20140121,123754,4528,11
OTP,0,20140121,123754,4529,389
OTP,0,20140121,123813,4525,1000
OTP,0,20140121,123815,4525,110
OTP,0,20140121,123828,4525,476
OTP,0,20140121,123829,4525,305
OTP,0,20140121,123834,4524,117
OTP,0,20140121,123856,4523,100
OTP,0,20140121,123918,4525,500
OTP,0,20140121,123933,4521,45
OTP,0,20140121,123937,4524,70
OTP,0,20140121,123937,4525,230
OTP,0,20140121,123952,4525,5
OTP,0,20140121,123952,4528,17
OTP,0,20140121,123952,4529,393
OTP,0,20140121,124018,4521,1000
OTP,0,20140121,124057,4521,1000
OTP,0,20140121,124106,4526,400
OTP,0,20140121,124107,4526,1
OTP,0,20140121,124217,4524,243
OTP,0,20140121,124237,4524,102
OTP,0,20140121,124317,4522,886
OTP,0,20140121,124436,4525,389
OTP,0,20140121,124440,4522,614
OTP,0,20140121,124448,4521,159
OTP,0,20140121,124454,4522,484
OTP,0,20140121,124454,4525,291
OTP,0,20140121,124458,4526,1225
OTP,0,20140121,124458,4521,238
OTP,0,20140121,124458,4520,37
OTP,0,20140121,124459,4520,378
OTP,0,20140121,124530,4518,39
OTP,0,20140121,124530,4517,181
OTP,0,20140121,124617,4520,150
OTP,0,20140121,124704,4525,8
OTP,0,20140121,124815,4521,110
OTP,0,20140121,124837,4522,109
OTP,0,20140121,124839,4522,245
OTP,0,20140121,124843,4520,50
OTP,0,20140121,124847,4518,500
OTP,0,20140121,124940,4516,110
OTP,0,20140121,125003,4518,402
OTP,0,20140121,125003,4516,98
OTP,0,20140121,125013,4517,227
OTP,0,20140121,125021,4520,742
OTP,0,20140121,125045,4520,258
OTP,0,20140121,125125,4520,25
OTP,0,20140121,125143,4517,795
OTP,0,20140121,125236,4520,167
OTP,0,20140121,125303,4525,30
OTP,0,20140121,125318,4517,451
OTP,0,20140121,125325,4517,1200
OTP,0,20140121,125352,4525,571
OTP,0,20140121,125353,4526,405
OTP,0,20140121,125401,4525,429
OTP,0,20140121,125411,4522,100
OTP,0,20140121,125414,4525,331
OTP,0,20140121,125414,4526,669
OTP,0,20140121,125414,4526,37
OTP,0,20140121,125414,4527,400
OTP,0,20140121,125414,4529,563
OTP,0,20140121,125510,4523,200
OTP,0,20140121,125538,4525,110
OTP,0,20140121,125546,4524,1165
OTP,0,20140121,125546,4523,1335
OTP,0,20140121,125652,4523,38
OTP,0,20140121,125653,4523,202
OTP,0,20140121,125724,4523,55
OTP,0,20140121,125724,4521,95
OTP,0,20140121,125827,4523,219
OTP,0,20140121,125827,4522,696
OTP,0,20140121,125841,4523,1
OTP,0,20140121,125841,4525,129
OTP,0,20140121,125851,4522,304
OTP,0,20140121,125851,4521,496
OTP,0,20140121,125937,4523,20
OTP,0,20140121,125955,4523,200
OTP,0,20140121,125955,4525,230
OTP,0,20140121,125957,4525,201
OTP,0,20140121,125957,4528,229
OTP,0,20140121,130149,4522,210
OTP,0,20140121,130149,4522,262
OTP,0,20140121,130152,4522,350
OTP,0,20140121,130152,4522,306
OTP,0,20140121,130200,4521,30
OTP,0,20140121,130200,4520,1000
OTP,0,20140121,130202,4519,107
OTP,0,20140121,130217,4520,886
OTP,0,20140121,130220,4520,90
OTP,0,20140121,130248,4520,24
OTP,0,20140121,130316,4519,253
OTP,0,20140121,130316,4516,1052
OTP,0,20140121,130316,4515,6195
OTP,0,20140121,130317,4515,4304
OTP,0,20140121,130340,4515,696
OTP,0,20140121,130404,4515,110
OTP,0,20140121,130509,4515,150
OTP,0,20140121,130625,4520,220
OTP,0,20140121,130625,4515,200
OTP,0,20140121,130744,4515,1
OTP,0,20140121,130759,4520,1000
OTP,0,20140121,130804,4515,50
OTP,0,20140121,130954,4518,770
OTP,0,20140121,131136,4519,300
OTP,0,20140121,131246,4519,69
OTP,0,20140121,131246,4518,133
OTP,0,20140121,131246,4515,595
OTP,0,20140121,131559,4518,30
OTP,0,20140121,131808,4515,191
OTP,0,20140121,131808,4515,25
OTP,0,20140121,131808,4515,455
OTP,0,20140121,132055,4518,70
OTP,0,20140121,132055,4520,210
OTP,0,20140121,132105,4516,200
OTP,0,20140121,132117,4520,2000
OTP,0,20140121,132157,4516,336
OTP,0,20140121,132239,4518,234
OTP,0,20140121,132319,4518,600
OTP,0,20140121,132506,4518,75
OTP,0,20140121,132519,4518,13
OTP,0,20140121,132519,4515,50
OTP,0,20140121,132600,4513,100
OTP,0,20140121,132704,4513,20
OTP,0,20140121,132740,4513,26
OTP,0,20140121,132815,4515,661
OTP,0,20140121,132835,4515,1000
OTP,0,20140121,132901,4515,1646
OTP,0,20140121,132901,4513,149
OTP,0,20140121,132902,4513,1192
OTP,0,20140121,132904,4513,13
OTP,0,20140121,132919,4515,355
OTP,0,20140121,133004,4516,1000
OTP,0,20140121,133004,4515,175
OTP,0,20140121,133038,4515,70
OTP,0,20140121,133118,4515,102
OTP,0,20140121,133122,4515,1268
OTP,0,20140121,133127,4519,55
OTP,0,20140121,133127,4520,445
OTP,0,20140121,133159,4520,1000
OTP,0,20140121,133159,4520,1000
OTP,0,20140121,133200,4520,1000
OTP,0,20140121,133201,4520,1000
OTP,0,20140121,133201,4520,1000
OTP,0,20140121,133202,4520,1000
OTP,0,20140121,133203,4520,443
OTP,0,20140121,133227,4525,737
OTP,0,20140121,133227,4526,50
OTP,0,20140121,133227,4527,3000
OTP,0,20140121,133227,4528,461
OTP,0,20140121,133227,4529,5752
OTP,0,20140121,133228,4529,1509
OTP,0,20140121,133228,4530,8491
OTP,0,20140121,133229,4530,566
OTP,0,20140121,133229,4530,1496
OTP,0,20140121,133233,4530,5000
OTP,0,20140121,133235,4530,1000
OTP,0,20140121,133236,4530,1000
OTP,0,20140121,133236,4530,1000
OTP,0,20140121,133237,4530,1910
OTP,0,20140121,133244,4530,1000
OTP,0,20140121,133332,4530,2000
OTP,0,20140121,133400,4531,100
OTP,0,20140121,133446,4534,49
OTP,0,20140121,133446,4535,151
OTP,0,20140121,133447,4535,300
OTP,0,20140121,133448,4535,1528
OTP,0,20140121,133730,4533,100
OTP,0,20140121,133739,4535,302
OTP,0,20140121,133739,4537,2198
OTP,0,20140121,133743,4534,329
OTP,0,20140121,133747,4532,610
OTP,0,20140121,133752,4525,1561
OTP,0,20140121,133810,4526,633
OTP,0,20140121,133814,4525,1367
OTP,0,20140121,133848,4530,5000
OTP,0,20140121,133914,4530,1000
OTP,0,20140121,133920,4535,1603
OTP,0,20140121,133920,4538,642
OTP,0,20140121,133920,4539,2294
OTP,0,20140121,133920,4540,461
OTP,0,20140121,133920,4540,5000
OTP,0,20140121,133920,4540,5000
OTP,0,20140121,133921,4540,3768
OTP,0,20140121,133921,4542,50
OTP,0,20140121,133921,4544,600
OTP,0,20140121,133921,4545,582
OTP,0,20140121,133921,4545,4612
OTP,0,20140121,133921,4546,180
OTP,0,20140121,133921,4547,208
OTP,0,20140121,133922,4539,398
OTP,0,20140121,133923,4539,2
OTP,0,20140121,133923,4547,432
OTP,0,20140121,134238,4547,17052
OTP,0,20140121,134239,4547,1051
OTP,0,20140121,134239,4548,5293
OTP,0,20140121,134239,4549,3450
OTP,0,20140121,134239,4550,5206
OTP,0,20140121,134239,4550,100
OTP,0,20140121,134239,4550,60
OTP,0,20140121,134239,4550,18
OTP,0,20140121,134239,4550,15000
OTP,0,20140121,134239,4550,15000
OTP,0,20140121,134239,4550,1606
OTP,0,20140121,134240,4551,110
OTP,0,20140121,134241,4552,81
OTP,0,20140121,134244,4550,3557
OTP,0,20140121,134254,4553,46
OTP,0,20140121,134254,4554,1883
OTP,0,20140121,134254,4555,617
OTP,0,20140121,134300,4555,3227
OTP,0,20140121,134301,4555,2064
OTP,0,20140121,134318,4551,2090
OTP,0,20140121,134402,4541,8
OTP,0,20140121,134418,4547,1000
OTP,0,20140121,134418,4550,1500
OTP,0,20140121,134420,4550,10
OTP,0,20140121,134420,4553,50
OTP,0,20140121,134420,4554,484
OTP,0,20140121,134426,4554,50
OTP,0,20140121,134433,4554,1669
OTP,0,20140121,134437,4550,511
OTP,0,20140121,134446,4555,2500
OTP,0,20140121,134446,4555,1950
OTP,0,20140121,134453,4555,10
OTP,0,20140121,134500,4555,25
OTP,0,20140121,134503,4555,200
OTP,0,20140121,134504,4555,315
OTP,0,20140121,134512,4551,369
OTP,0,20140121,134515,4551,191
OTP,0,20140121,134515,4550,1989
OTP,0,20140121,134519,4550,2500
OTP,0,20140121,134525,4550,60
OTP,0,20140121,134546,4546,170
OTP,0,20140121,134607,4546,146
OTP,0,20140121,134607,4545,270
OTP,0,20140121,134611,4545,159
OTP,0,20140121,134612,4549,5
OTP,0,20140121,134617,4549,330
OTP,0,20140121,134626,4549,515
OTP,0,20140121,134626,4550,4511
OTP,0,20140121,134629,4549,21
OTP,0,20140121,134629,4550,179
OTP,0,20140121,134643,4549,200
OTP,0,20140121,134644,4549,200
OTP,0,20140121,134644,4550,2800
OTP,0,20140121,134648,4546,147
OTP,0,20140121,134649,4550,2500
OTP,0,20140121,134649,4550,312
OTP,0,20140121,134700,4550,200
OTP,0,20140121,134701,4550,307
OTP,0,20140121,134706,4550,300
OTP,0,20140121,134706,4550,230
OTP,0,20140121,134743,4550,400
OTP,0,20140121,134747,4550,40
OTP,0,20140121,134812,4550,100
OTP,0,20140121,134840,4554,250
OTP,0,20140121,134845,4550,12
OTP,0,20140121,134851,4550,500
OTP,0,20140121,134855,4550,150
OTP,0,20140121,134916,4551,370
OTP,0,20140121,135006,4551,30
OTP,0,20140121,135016,4551,5
OTP,0,20140121,135026,4551,295
OTP,0,20140121,135026,4550,705
OTP,0,20140121,135035,4550,3366
OTP,0,20140121,135039,4550,1687
OTP,0,20140121,135043,4550,270
OTP,0,20140121,135048,4550,230
OTP,0,20140121,135050,4550,313
OTP,0,20140121,135052,4550,87
OTP,0,20140121,135054,4550,313
OTP,0,20140121,135059,4550,500
OTP,0,20140121,135116,4547,11
OTP,0,20140121,135116,4546,160
OTP,0,20140121,135132,4549,10
OTP,0,20140121,135216,4547,50
OTP,0,20140121,135223,4549,840
OTP,0,20140121,135223,4550,8887
OTP,0,20140121,135239,4551,100
OTP,0,20140121,135242,4554,417
OTP,0,20140121,135249,4555,2407
OTP,0,20140121,135307,4555,93
OTP,0,20140121,135307,4554,157
OTP,0,20140121,135316,4556,15
OTP,0,20140121,135316,4557,119
OTP,0,20140121,135316,4558,1872
OTP,0,20140121,135316,4559,1600
OTP,0,20140121,135316,4560,1394
OTP,0,20140121,135328,4554,200
OTP,0,20140121,135329,4557,100
OTP,0,20140121,135331,4557,170
OTP,0,20140121,135331,4560,330
OTP,0,20140121,135342,4558,200
OTP,0,20140121,135408,4558,150
OTP,0,20140121,135413,4558,10
OTP,0,20140121,135413,4559,750
OTP,0,20140121,135413,4560,9217
OTP,0,20140121,135418,4560,23
OTP,0,20140121,135418,4554,50
OTP,0,20140121,135421,4554,659
OTP,0,20140121,135448,4560,100
OTP,0,20140121,135455,4562,30
OTP,0,20140121,135459,4562,60
OTP,0,20140121,135459,4563,100
OTP,0,20140121,135459,4564,1000
OTP,0,20140121,135459,4565,840
OTP,0,20140121,135459,4565,26
OTP,0,20140121,135504,4560,20
OTP,0,20140121,135507,4560,100
OTP,0,20140121,135523,4565,100
OTP,0,20140121,135527,4565,26
OTP,0,20140121,135527,4566,100
OTP,0,20140121,135527,4567,80
OTP,0,20140121,135527,4568,545
OTP,0,20140121,135527,4569,2538
OTP,0,20140121,135527,4570,1711
OTP,0,20140121,135540,4570,323
OTP,0,20140121,135544,4561,600
OTP,0,20140121,135558,4563,50
OTP,0,20140121,135615,4564,100
OTP,0,20140121,135638,4564,50
OTP,0,20140121,135640,4570,650
OTP,0,20140121,135647,4571,32
OTP,0,20140121,135655,4570,80
OTP,0,20140121,135659,4565,100
OTP,0,20140121,135659,4564,900
OTP,0,20140121,135719,4564,150
OTP,0,20140121,135723,4565,30
OTP,0,20140121,135735,4565,25
OTP,0,20140121,135743,4568,20
OTP,0,20140121,135746,4565,50
OTP,0,20140121,135747,4569,50
OTP,0,20140121,135806,4565,20
OTP,0,20140121,135809,4565,304
OTP,0,20140121,135812,4569,790
OTP,0,20140121,135816,4569,100
OTP,0,20140121,135823,4570,400
OTP,0,20140121,135838,4567,7
OTP,0,20140121,135852,4569,5
OTP,0,20140121,135901,4567,4
OTP,0,20140121,135901,4566,115
OTP,0,20140121,135908,4566,2600
OTP,0,20140121,135911,4569,500
OTP,0,20140121,135912,4569,745
OTP,0,20140121,135958,4568,140
OTP,0,20140121,140008,4568,100
OTP,0,20140121,140008,4568,100
OTP,0,20140121,140010,4568,65
OTP,0,20140121,140100,4568,10
OTP,0,20140121,140113,4568,200
OTP,0,20140121,140118,4568,300
OTP,0,20140121,140131,4569,200
OTP,0,20140121,140136,4568,19
OTP,0,20140121,140136,4567,71
OTP,0,20140121,140136,4566,152
OTP,0,20140121,140232,4568,250
OTP,0,20140121,140237,4568,550
OTP,0,20140121,140249,4568,1057
OTP,0,20140121,140249,4568,327
OTP,0,20140121,140252,4568,234
OTP,0,20140121,140304,4566,258
OTP,0,20140121,140304,4565,510
OTP,0,20140121,140310,4565,30
OTP,0,20140121,140317,4565,2
OTP,0,20140121,140328,4565,200
OTP,0,20140121,140330,4563,530
OTP,0,20140121,140345,4561,370
OTP,0,20140121,140345,4561,25
OTP,0,20140121,140354,4561,447
OTP,0,20140121,140354,4560,331
OTP,0,20140121,140418,4556,500
OTP,0,20140121,140422,4556,20
OTP,0,20140121,140429,4556,30
OTP,0,20140121,140445,4556,25
OTP,0,20140121,140455,4556,335
OTP,0,20140121,140457,4555,700
OTP,0,20140121,140457,4554,777
OTP,0,20140121,140457,4552,600
OTP,0,20140121,140457,4551,423
OTP,0,20140121,140458,4553,400
OTP,0,20140121,140458,4555,100
OTP,0,20140121,140458,4556,165
OTP,0,20140121,140508,4551,477
OTP,0,20140121,140508,4550,523
OTP,0,20140121,140512,4555,2000
OTP,0,20140121,140521,4555,1000
OTP,0,20140121,140535,4551,225
OTP,0,20140121,140537,4551,100
OTP,0,20140121,140542,4551,75
OTP,0,20140121,140545,4551,225
OTP,0,20140121,140546,4550,500
OTP,0,20140121,140546,4550,500
OTP,0,20140121,140552,4550,8903
OTP,0,20140121,140557,4550,2500
OTP,0,20140121,140558,4550,2500
OTP,0,20140121,140558,4550,2500
OTP,0,20140121,140601,4550,1319
OTP,0,20140121,140604,4551,500
OTP,0,20140121,140608,4552,22
OTP,0,20140121,140608,4554,3656
OTP,0,20140121,140608,4555,1322
OTP,0,20140121,140615,4555,768
OTP,0,20140121,140615,4550,60
OTP,0,20140121,140634,4550,200
OTP,0,20140121,140635,4550,500
OTP,0,20140121,140652,4552,600
OTP,0,20140121,140652,4551,2400
OTP,0,20140121,140655,4556,69
OTP,0,20140121,140657,4565,50
OTP,0,20140121,140757,4560,1500
OTP,0,20140121,140818,4560,800
OTP,0,20140121,140844,4564,50
OTP,0,20140121,140849,4560,450
OTP,0,20140121,140903,4560,1120
OTP,0,20140121,140906,4560,130
OTP,0,20140121,140906,4556,20
OTP,0,20140121,141026,4564,50
OTP,0,20140121,141026,4565,60
OTP,0,20140121,141033,4560,100
OTP,0,20140121,141036,4560,200
OTP,0,20140121,141053,4560,14
OTP,0,20140121,141106,4560,1391
OTP,0,20140121,141106,4560,109
OTP,0,20140121,141140,4560,7
OTP,0,20140121,141147,4560,1809
OTP,0,20140121,141151,4557,400
OTP,0,20140121,141151,4556,60
OTP,0,20140121,141155,4556,2051
OTP,0,20140121,141201,4560,2500
OTP,0,20140121,141203,4560,691
OTP,0,20140121,141206,4560,250
OTP,0,20140121,141212,4560,559
OTP,0,20140121,141218,4560,300
OTP,0,20140121,141242,4560,300
OTP,0,20140121,141254,4559,11
OTP,0,20140121,141254,4560,189
OTP,0,20140121,141254,4558,90
OTP,0,20140121,141258,4557,1872
OTP,0,20140121,141311,4557,1128
OTP,0,20140121,141314,4556,1110
OTP,0,20140121,141318,4555,262
OTP,0,20140121,141340,4556,200
OTP,0,20140121,141359,4556,1050
OTP,0,20140121,141407,4556,817
OTP,0,20140121,141411,4555,560
OTP,0,20140121,141442,4556,400
OTP,0,20140121,141455,4556,500
OTP,0,20140121,141521,4555,700
OTP,0,20140121,141524,4555,278
OTP,0,20140121,141533,4555,800
OTP,0,20140121,141533,4555,669
OTP,0,20140121,141541,4554,480
OTP,0,20140121,141545,4553,500
OTP,0,20140121,141555,4552,500
OTP,0,20140121,141558,4551,314
OTP,0,20140121,141558,4550,4605
OTP,0,20140121,141616,4550,150
OTP,0,20140121,141657,4547,340
OTP,0,20140121,141713,4546,1006
OTP,0,20140121,141713,4545,3994
OTP,0,20140121,141716,4545,5391
OTP,0,20140121,141757,4546,300
OTP,0,20140121,141842,4544,50
OTP,0,20140121,141842,4545,150
OTP,0,20140121,141851,4545,40
OTP,0,20140121,141858,4543,3
OTP,0,20140121,141913,4545,500
OTP,0,20140121,141913,4545,329
OTP,0,20140121,141922,4545,227
OTP,0,20140121,141938,4546,100
OTP,0,20140121,141942,4546,1500
OTP,0,20140121,142053,4546,100
OTP,0,20140121,142105,4545,773
OTP,0,20140121,142105,4543,257
OTP,0,20140121,142109,4545,300
OTP,0,20140121,142155,4546,310
OTP,0,20140121,142203,4548,234
OTP,0,20140121,142203,4549,1766
OTP,0,20140121,142233,4548,100
OTP,0,20140121,142251,4548,1000
OTP,0,20140121,142306,4548,11
OTP,0,20140121,142306,4549,19
OTP,0,20140121,142316,4547,50
OTP,0,20140121,142340,4549,160
OTP,0,20140121,142359,4547,626
OTP,0,20140121,142359,4546,1690
OTP,0,20140121,142359,4545,2000
OTP,0,20140121,142410,4543,273
OTP,0,20140121,142412,4545,400
OTP,0,20140121,142412,4545,22
OTP,0,20140121,142417,4545,500
OTP,0,20140121,142430,4545,100
OTP,0,20140121,142436,4541,150
OTP,0,20140121,142436,4541,50
OTP,0,20140121,142500,4545,15
OTP,0,20140121,142539,4541,600
OTP,0,20140121,142543,4541,780
OTP,0,20140121,142543,4540,3220
OTP,0,20140121,142552,4540,2000
OTP,0,20140121,142557,4540,1227
OTP,0,20140121,142608,4541,500
OTP,0,20140121,142655,4541,50
OTP,0,20140121,142714,4540,1788
OTP,0,20140121,142727,4540,1000
OTP,0,20140121,142739,4541,350
OTP,0,20140121,142823,4541,20
OTP,0,20140121,142905,4544,250
OTP,0,20140121,142957,4544,483
OTP,0,20140121,142957,4545,517
OTP,0,20140121,143043,4545,1200
OTP,0,20140121,143219,4542,200
OTP,0,20140121,143219,4541,100
OTP,0,20140121,143330,4542,50
OTP,0,20140121,143405,4542,375
OTP,0,20140121,143429,4545,197
OTP,0,20140121,143529,4542,75
OTP,0,20140121,143529,4541,186
OTP,0,20140121,143536,4541,250
OTP,0,20140121,143622,4545,1333
OTP,0,20140121,143623,4541,30
OTP,0,20140121,143624,4541,200
OTP,0,20140121,143644,4541,1200
OTP,0,20140121,143729,4547,1100
OTP,0,20140121,143729,4548,2360
OTP,0,20140121,143729,4549,6455
OTP,0,20140121,143729,4550,7585
OTP,0,20140121,143729,4550,2108
OTP,0,20140121,143736,4551,1500
OTP,0,20140121,143736,4551,1500
OTP,0,20140121,143736,4551,1500
OTP,0,20140121,143740,4551,1500
OTP,0,20140121,143740,4551,1500
OTP,0,20140121,143746,4551,2500
OTP,0,20140121,143806,4549,400
OTP,0,20140121,143808,4550,45
OTP,0,20140121,143905,4550,2000
OTP,0,20140121,143915,4549,40
OTP,0,20140121,143915,4550,460
OTP,0,20140121,143916,4550,2495
OTP,0,20140121,143921,4546,1330
OTP,0,20140121,143927,4549,200
OTP,0,20140121,143954,4550,2254
OTP,0,20140121,143958,4550,2255
OTP,0,20140121,143959,4550,1000
OTP,0,20140121,144000,4550,745
OTP,0,20140121,144000,4550,255
OTP,0,20140121,144001,4550,1103
OTP,0,20140121,144002,4551,1897
OTP,0,20140121,144003,4550,103
OTP,0,20140121,144007,4550,897
OTP,0,20140121,144013,4550,2000
OTP,0,20140121,144018,4550,100
OTP,0,20140121,144025,4548,400
OTP,0,20140121,144027,4549,2000
OTP,0,20140121,144029,4546,886
OTP,0,20140121,144044,4548,235
OTP,0,20140121,144044,4548,366
OTP,0,20140121,144054,4546,8
OTP,0,20140121,144100,4546,1000
OTP,0,20140121,144107,4546,106
OTP,0,20140121,144109,4545,690
OTP,0,20140121,144125,4545,200
OTP,0,20140121,144125,4545,210
OTP,0,20140121,144132,4545,800
OTP,0,20140121,144139,4545,1500
OTP,0,20140121,144140,4545,200
OTP,0,20140121,144140,4544,250
OTP,0,20140121,144140,4543,30
OTP,0,20140121,144154,4543,270
OTP,0,20140121,144154,4542,1476
OTP,0,20140121,144209,4544,500
OTP,0,20140121,144209,4544,49
OTP,0,20140121,144225,4542,1000
OTP,0,20140121,144247,4545,500
OTP,0,20140121,144503,4542,1425
OTP,0,20140121,144503,4541,515
OTP,0,20140121,144503,4541,232
OTP,0,20140121,144547,4541,18
OTP,0,20140121,144547,4540,482
OTP,0,20140121,144608,4541,500
OTP,0,20140121,144628,4543,2000
OTP,0,20140121,144634,4543,734
OTP,0,20140121,144645,4544,894
OTP,0,20140121,144645,4545,145
OTP,0,20140121,144645,4547,461
OTP,0,20140121,144645,4547,539
OTP,0,20140121,144645,4548,461
OTP,0,20140121,144646,4548,179
OTP,0,20140121,144646,4549,1321
OTP,0,20140121,144650,4549,79
OTP,0,20140121,144650,4550,921
OTP,0,20140121,144651,4550,1500
OTP,0,20140121,144652,4550,1500
OTP,0,20140121,144652,4550,1500
OTP,0,20140121,144653,4550,1500
OTP,0,20140121,144656,4550,455
OTP,0,20140121,144703,4551,600
OTP,0,20140121,144703,4550,527
OTP,0,20140121,144717,4554,30
OTP,0,20140121,144726,4551,1000
OTP,0,20140121,144733,4554,300
OTP,0,20140121,144737,4554,39
OTP,0,20140121,144737,4555,461
OTP,0,20140121,144741,4551,400
OTP,0,20140121,144741,4555,2881
OTP,0,20140121,144742,4555,100
OTP,0,20140121,144753,4556,285
OTP,0,20140121,144753,4559,300
OTP,0,20140121,144753,4560,915
OTP,0,20140121,144753,4560,60
OTP,0,20140121,144753,4560,1500
OTP,0,20140121,144754,4560,1500
OTP,0,20140121,144754,4560,1500
OTP,0,20140121,144759,4560,100
OTP,0,20140121,144806,4560,266
OTP,0,20140121,144817,4560,400
OTP,0,20140121,144821,4560,200
OTP,0,20140121,144831,4555,2618
OTP,0,20140121,144831,4551,500
OTP,0,20140121,144831,4550,629
OTP,0,20140121,144839,4551,50
OTP,0,20140121,144841,4559,1000
OTP,0,20140121,144841,4560,500
OTP,0,20140121,144841,4560,964
OTP,0,20140121,144844,4560,5
OTP,0,20140121,144846,4560,500
OTP,0,20140121,144852,4560,31
OTP,0,20140121,144908,4560,750
OTP,0,20140121,144909,4558,300
OTP,0,20140121,144936,4558,5
OTP,0,20140121,144945,4555,160
OTP,0,20140121,145019,4555,46
OTP,0,20140121,145036,4555,245
OTP,0,20140121,145109,4555,489
OTP,0,20140121,145126,4555,1448
OTP,0,20140121,145138,4557,400
OTP,0,20140121,145138,4560,152
OTP,0,20140121,145202,4560,500
OTP,0,20140121,145206,4560,897
OTP,0,20140121,145210,4560,103
OTP,0,20140121,145210,4558,77
OTP,0,20140121,145253,4558,350
OTP,0,20140121,145400,4559,33
OTP,0,20140121,145411,4563,30
OTP,0,20140121,145428,4560,43
OTP,0,20140121,145545,4561,208
OTP,0,20140121,145554,4564,11
OTP,0,20140121,145554,4565,39
OTP,0,20140121,145603,4565,380
OTP,0,20140121,145630,4561,550
OTP,0,20140121,145639,4561,10
OTP,0,20140121,145643,4561,65
OTP,0,20140121,145741,4565,694
OTP,0,20140121,145815,4564,497
OTP,0,20140121,145827,4562,450
OTP,0,20140121,145932,4562,100
OTP,0,20140121,150023,4565,25
OTP,0,20140121,150045,4565,294
OTP,0,20140121,150135,4562,500
OTP,0,20140121,150151,4562,13
OTP,0,20140121,150349,4562,50
OTP,0,20140121,150407,4563,25
OTP,0,20140121,150407,4565,15
OTP,0,20140121,150527,4565,191
OTP,0,20140121,150527,4566,200
OTP,0,20140121,150527,4567,1700
OTP,0,20140121,150527,4568,4056
OTP,0,20140121,150527,4569,7400
OTP,0,20140121,150527,4570,13453
OTP,0,20140121,150528,4570,627
OTP,0,20140121,150531,4564,265
OTP,0,20140121,150548,4570,1605
OTP,0,20140121,150609,4570,47
OTP,0,20140121,150611,4571,100
OTP,0,20140121,150611,4571,18
OTP,0,20140121,150611,4572,272
OTP,0,20140121,150612,4572,748
OTP,0,20140121,150613,4574,710
OTP,0,20140121,150614,4575,6081
OTP,0,20140121,150615,4575,5571
OTP,0,20140121,150622,4570,750
OTP,0,20140121,150630,4575,50
OTP,0,20140121,150638,4575,12
OTP,0,20140121,150638,4577,15
OTP,0,20140121,150638,4578,473
OTP,0,20140121,150639,4578,1000
OTP,0,20140121,150650,4575,1000
OTP,0,20140121,150731,4575,500
OTP,0,20140121,150735,4575,500
OTP,0,20140121,150740,4575,500
OTP,0,20140121,150750,4574,275
OTP,0,20140121,150750,4575,225
OTP,0,20140121,150805,4573,500
OTP,0,20140121,150814,4575,1920
OTP,0,20140121,150827,4575,500
OTP,0,20140121,150841,4578,50
OTP,0,20140121,150849,4578,227
OTP,0,20140121,150849,4579,273
OTP,0,20140121,150853,4579,1642
OTP,0,20140121,150853,4580,4358
OTP,0,20140121,150857,4576,23
OTP,0,20140121,150904,4579,663
OTP,0,20140121,150904,4580,9337
OTP,0,20140121,150910,4580,100
OTP,0,20140121,150911,4580,703
OTP,0,20140121,150920,4580,330
OTP,0,20140121,150923,4580,3736
OTP,0,20140121,150923,4582,20
OTP,0,20140121,150923,4584,800
OTP,0,20140121,150923,4585,1135
OTP,0,20140121,150923,4586,100
OTP,0,20140121,150923,4587,1000
OTP,0,20140121,150923,4588,3209
OTP,0,20140121,150927,4583,175
OTP,0,20140121,151009,4585,1000
OTP,0,20140121,151009,4586,2000
OTP,0,20140121,151013,4586,700
OTP,0,20140121,151025,4586,13
OTP,0,20140121,151029,4586,245
OTP,0,20140121,151030,4586,4
OTP,0,20140121,151043,4586,1000
OTP,0,20140121,151050,4586,160
OTP,0,20140121,151055,4582,300
OTP,0,20140121,151059,4579,265
OTP,0,20140121,151103,4577,260
OTP,0,20140121,151112,4586,106
OTP,0,20140121,151208,4575,2515
OTP,0,20140121,151208,4574,285
OTP,0,20140121,151208,4572,200
OTP,0,20140121,151208,4571,300
OTP,0,20140121,151208,4570,2000
OTP,0,20140121,151208,4562,1000
OTP,0,20140121,151208,4560,100
OTP,0,20140121,151208,4556,100
OTP,0,20140121,151248,4575,980
OTP,0,20140121,151305,4572,1000
OTP,0,20140121,151349,4568,1000
OTP,0,20140121,151426,4573,106
OTP,0,20140121,151443,4563,200
OTP,0,20140121,151453,4573,573
OTP,0,20140121,151542,4565,1
OTP,0,20140121,151645,4565,100
OTP,0,20140121,151732,4566,532
OTP,0,20140121,151732,4570,1636
OTP,0,20140121,151751,4571,200
OTP,0,20140121,151825,4570,150
OTP,0,20140121,151839,4570,279
OTP,0,20140121,151840,4575,220
OTP,0,20140121,151840,4578,47
OTP,0,20140121,151846,4572,100
OTP,0,20140121,151846,4570,900
OTP,0,20140121,151854,4570,209
OTP,0,20140121,152132,4575,245
OTP,0,20140121,152132,4577,5
OTP,0,20140121,152136,4572,360
OTP,0,20140121,152219,4574,100
OTP,0,20140121,152234,4574,2634
OTP,0,20140121,152234,4574,366
OTP,0,20140121,152243,4574,101
OTP,0,20140121,152248,4574,1500
OTP,0,20140121,152250,4574,100
OTP,0,20140121,152252,4574,96
OTP,0,20140121,152252,4572,100
OTP,0,20140121,152312,4571,500
OTP,0,20140121,152406,4571,3101
OTP,0,20140121,152410,4572,4
OTP,0,20140121,152410,4575,296
OTP,0,20140121,152448,4571,400
OTP,0,20140121,152458,4574,1500
OTP,0,20140121,152519,4575,15
OTP,0,20140121,152525,4575,69
OTP,0,20140121,152529,4577,95
OTP,0,20140121,152533,4578,581
OTP,0,20140121,152539,4574,200
OTP,0,20140121,152544,4567,180
OTP,0,20140121,152553,4578,672
OTP,0,20140121,152553,4579,1000
OTP,0,20140121,152553,4580,1028
OTP,0,20140121,152632,4575,23
OTP,0,20140121,152702,4579,600
OTP,0,20140121,152702,4580,3619
OTP,0,20140121,152712,4580,1500
OTP,0,20140121,152716,4580,1500
OTP,0,20140121,152719,4580,1500
OTP,0,20140121,152720,4580,1500
OTP,0,20140121,152722,4580,889
OTP,0,20140121,152723,4580,600
OTP,0,20140121,152726,4580,200
OTP,0,20140121,152727,4580,570
OTP,0,20140121,152730,4580,2000
OTP,0,20140121,152749,4580,1642
OTP,0,20140121,152801,4580,100
OTP,0,20140121,152817,4580,1000
OTP,0,20140121,152820,4580,50
OTP,0,20140121,152824,4584,1030
OTP,0,20140121,152824,4585,970
OTP,0,20140121,152845,4580,5000
OTP,0,20140121,152857,4581,100
OTP,0,20140121,152857,4585,2877
OTP,0,20140121,152901,4580,200
OTP,0,20140121,152916,4585,200
OTP,0,20140121,152921,4580,136
OTP,0,20140121,152921,4576,215
OTP,0,20140121,152936,4580,1500
OTP,0,20140121,152946,4580,50
OTP,0,20140121,152950,4580,700
OTP,0,20140121,153001,4580,2750
OTP,0,20140121,153007,4576,200
OTP,0,20140121,153034,4583,73
OTP,0,20140121,153037,4580,5000
OTP,0,20140121,153039,4583,842
OTP,0,20140121,153045,4576,85
OTP,0,20140121,153050,4571,30
OTP,0,20140121,153059,4580,7
OTP,0,20140121,153201,4572,10
OTP,0,20140121,153232,4578,5000
OTP,0,20140121,153311,4578,1500
OTP,0,20140121,153312,4578,500
OTP,0,20140121,153312,4579,1000
OTP,0,20140121,153312,4579,530
OTP,0,20140121,153312,4580,970
OTP,0,20140121,153313,4580,1500
OTP,0,20140121,153319,4580,3756
OTP,0,20140121,153348,4575,500
OTP,0,20140121,153357,4575,4517
OTP,0,20140121,153402,4575,483
OTP,0,20140121,153635,4572,100
OTP,0,20140121,153646,4572,76
OTP,0,20140121,153712,4572,1914
OTP,0,20140121,153728,4570,1500
OTP,0,20140121,153750,4568,40
OTP,0,20140121,153754,4570,3086
OTP,0,20140121,153758,4570,100
OTP,0,20140121,153809,4571,2000
OTP,0,20140121,153820,4574,800
OTP,0,20140121,153828,4571,2500
OTP,0,20140121,153849,4571,1151
OTP,0,20140121,153849,4570,1349
OTP,0,20140121,153853,4570,1352
OTP,0,20140121,153857,4570,148
OTP,0,20140121,153901,4570,1352
OTP,0,20140121,153903,4570,400
OTP,0,20140121,153916,4570,2000
OTP,0,20140121,153930,4568,30
OTP,0,20140121,153935,4570,714
OTP,0,20140121,153954,4568,40
OTP,0,20140121,153954,4567,1820
OTP,0,20140121,154005,4569,186
OTP,0,20140121,154008,4566,454
OTP,0,20140121,154024,4566,100
OTP,0,20140121,154043,4566,414
OTP,0,20140121,154149,4563,80
OTP,0,20140121,154153,4563,1728
OTP,0,20140121,154223,4562,100
OTP,0,20140121,154226,4564,1200
OTP,0,20140121,154232,4562,3825
OTP,0,20140121,154235,4560,1861
OTP,0,20140121,154237,4560,2139
OTP,0,20140121,154241,4562,70
OTP,0,20140121,154259,4560,210
OTP,0,20140121,154259,4560,200
OTP,0,20140121,154308,4561,5000
OTP,0,20140121,154309,4560,1905
OTP,0,20140121,154317,4560,26
OTP,0,20140121,154318,4560,659
OTP,0,20140121,154338,4557,100
OTP,0,20140121,154338,4555,900
OTP,0,20140121,154338,4560,841
OTP,0,20140121,154352,4561,1671
OTP,0,20140121,154353,4561,329
OTP,0,20140121,154400,4560,26
OTP,0,20140121,154433,4560,313
OTP,0,20140121,154434,4562,600
OTP,0,20140121,154437,4560,820
OTP,0,20140121,154501,4559,400
OTP,0,20140121,154519,4560,966
OTP,0,20140121,154552,4561,4000
OTP,0,20140121,154556,4561,1500
OTP,0,20140121,154558,4561,599
OTP,0,20140121,154604,4560,1851
OTP,0,20140121,154606,4560,1583
OTP,0,20140121,154611,4561,400
OTP,0,20140121,154629,4560,262
OTP,0,20140121,154631,4560,738
OTP,0,20140121,154641,4559,1000
OTP,0,20140121,154701,4559,400
OTP,0,20140121,154724,4558,627
OTP,0,20140121,154743,4560,2663
OTP,0,20140121,154744,4560,1918
OTP,0,20140121,154744,4560,419
OTP,0,20140121,154826,4558,66
OTP,0,20140121,154905,4565,1
OTP,0,20140121,154905,4567,999
OTP,0,20140121,154946,4562,1500
OTP,0,20140121,154949,4562,400
OTP,0,20140121,154959,4561,120
OTP,0,20140121,155014,4562,22
OTP,0,20140121,155014,4561,78
OTP,0,20140121,155027,4561,1
OTP,0,20140121,155029,4561,478
OTP,0,20140121,155031,4562,30
OTP,0,20140121,155035,4561,400
OTP,0,20140121,155035,4562,3027
OTP,0,20140121,155052,4564,400
OTP,0,20140121,155125,4563,200
OTP,0,20140121,155129,4564,832
OTP,0,20140121,155129,4566,668
OTP,0,20140121,155137,4566,1500
OTP,0,20140121,155142,4562,649
OTP,0,20140121,155147,4562,18
OTP,0,20140121,155205,4562,2
OTP,0,20140121,155235,4568,3
OTP,0,20140121,155253,4564,307
OTP,0,20140121,155305,4562,1420
OTP,0,20140121,155315,4564,1400
OTP,0,20140121,155317,4564,91
OTP,0,20140121,155340,4562,1730
OTP,0,20140121,155340,4560,636
OTP,0,20140121,155341,4560,3000
OTP,0,20140121,155347,4560,364
OTP,0,20140121,155402,4560,64
OTP,0,20140121,155523,4555,100
OTP,0,20140121,155600,4555,2000
OTP,0,20140121,155632,4557,5000
OTP,0,20140121,155632,4555,1000
OTP,0,20140121,155657,4559,1500
OTP,0,20140121,155657,4559,1500
OTP,0,20140121,155658,4555,2637
OTP,0,20140121,155704,4559,1500
OTP,0,20140121,155705,4559,1500
OTP,0,20140121,155705,4559,1500
OTP,0,20140121,155705,4559,643
OTP,0,20140121,155706,4559,357
OTP,0,20140121,155712,4560,856
OTP,0,20140121,155718,4560,200
OTP,0,20140121,155743,4560,56
OTP,0,20140121,155856,4564,500
OTP,0,20140121,160143,4565,500
OTP,0,20140121,160144,4565,150
OTP,0,20140121,160152,4565,500
OTP,0,20140121,160156,4565,1000
OTP,0,20140121,160205,4567,1500
OTP,0,20140121,160205,4567,1500
OTP,0,20140121,160209,4565,682
OTP,0,20140121,160209,4567,28
OTP,0,20140121,160209,4570,1472
OTP,0,20140121,160210,4567,1486
OTP,0,20140121,160210,4570,14
OTP,0,20140121,160230,4570,2299
OTP,0,20140121,160230,4570,701
OTP,0,20140121,160325,4570,2000
OTP,0,20140121,160327,4570,200
OTP,0,20140121,160408,4570,2000
OTP,0,20140121,160449,4569,252
OTP,0,20140121,160454,4569,20
OTP,0,20140121,160500,4570,280
OTP,0,20140121,160506,4571,2000
OTP,0,20140121,160540,4572,1214
OTP,0,20140121,160540,4572,815
OTP,0,20140121,160543,4572,8
OTP,0,20140121,160550,4572,1183
OTP,0,20140121,160550,4572,3817
OTP,0,20140121,160551,4572,873
OTP,0,20140121,160625,4572,125
OTP,0,20140121,160625,4573,1306
OTP,0,20140121,160629,4572,250
OTP,0,20140121,160659,4574,200
OTP,0,20140121,160726,4574,514
OTP,0,20140121,160727,4574,767
OTP,0,20140121,160742,4574,263
OTP,0,20140121,160748,4570,100
OTP,0,20140121,160815,4574,1400
OTP,0,20140121,160816,4574,1000
OTP,0,20140121,160816,4574,6000
OTP,0,20140121,160817,4574,6000
OTP,0,20140121,160847,4573,1505
OTP,0,20140121,160847,4574,495
OTP,0,20140121,160852,4571,1600
OTP,0,20140121,160929,4574,800
OTP,0,20140121,161035,4573,25
OTP,0,20140121,161035,4574,542
OTP,0,20140121,161035,4575,933
OTP,0,20140121,161036,4575,1454
OTP,0,20140121,161037,4575,46
OTP,0,20140121,161037,4575,880
OTP,0,20140121,161056,4575,2743
OTP,0,20140121,161100,4575,1127
OTP,0,20140121,161101,4571,10
OTP,0,20140121,161104,4575,1320
OTP,0,20140121,161109,4575,30
OTP,0,20140121,161110,4575,970
OTP,0,20140121,161110,4576,530
OTP,0,20140121,161112,4576,1229
OTP,0,20140121,161117,4576,100
OTP,0,20140121,161120,4576,171
OTP,0,20140121,161143,4574,43
OTP,0,20140121,161143,4575,1267
OTP,0,20140121,161148,4575,1500
OTP,0,20140121,161149,4575,762
OTP,0,20140121,161150,4578,1051
OTP,0,20140121,161208,4576,2000
OTP,0,20140121,161208,4576,2385
OTP,0,20140121,161208,4576,2000
OTP,0,20140121,161214,4576,1459
OTP,0,20140121,161215,4576,389
OTP,0,20140121,161311,4571,85
OTP,0,20140121,161325,4571,4805
OTP,0,20140121,161325,4570,195
OTP,0,20140121,161332,4570,2200
OTP,0,20140121,161339,4570,605
OTP,0,20140121,161353,4570,395
OTP,0,20140121,161358,4570,1605
OTP,0,20140121,161404,4570,895
OTP,0,20140121,161407,4570,2500
OTP,0,20140121,161409,4570,1605
OTP,0,20140121,161439,4569,1000
OTP,0,20140121,161439,4570,3395
OTP,0,20140121,161439,4570,1035
OTP,0,20140121,161439,4570,1220
OTP,0,20140121,161443,4570,1150
OTP,0,20140121,161444,4565,35
OTP,0,20140121,161449,4561,1830
OTP,0,20140121,161513,4561,1383
OTP,0,20140121,161530,4569,39
OTP,0,20140121,161655,4561,1848
OTP,0,20140121,161655,4560,1388
OTP,0,20140121,161656,4555,400
OTP,0,20140121,161656,4560,630
OTP,0,20140121,161701,4560,355
OTP,0,20140121,161703,4554,50
OTP,0,20140121,161704,4560,1000
OTP,0,20140121,161704,4554,865
OTP,0,20140121,161720,4556,1000
OTP,0,20140121,161721,4554,741
OTP,0,20140121,161834,4555,530
OTP,0,20140121,161839,4560,385
OTP,0,20140121,161839,4555,181
OTP,0,20140121,161852,4556,425
OTP,0,20140121,161852,4555,175
OTP,0,20140121,161856,4560,1684
OTP,0,20140121,161857,4560,33
OTP,0,20140121,161949,4560,200
OTP,0,20140121,162008,4560,82
OTP,0,20140121,162018,4561,370
OTP,0,20140121,162055,4565,10
OTP,0,20140121,162055,4569,90
OTP,0,20140121,162111,4569,2171
OTP,0,20140121,162111,4570,2829
OTP,0,20140121,162118,4561,100
OTP,0,20140121,162145,4568,20
OTP,0,20140121,162145,4569,1480
OTP,0,20140121,162146,4569,1020
OTP,0,20140121,162146,4570,480
OTP,0,20140121,162159,4562,200
OTP,0,20140121,162159,4561,300
OTP,0,20140121,162220,4570,1077
OTP,0,20140121,162238,4570,2000
OTP,0,20140121,162248,4570,1
OTP,0,20140121,162259,4562,50
OTP,0,20140121,162342,4570,438
OTP,0,20140121,162423,4570,183
OTP,0,20140121,162442,4570,82
OTP,0,20140121,162457,4570,200
OTP,0,20140121,162501,4572,99
OTP,0,20140121,162501,4574,100
OTP,0,20140121,162501,4575,730
OTP,0,20140121,162501,4576,2811
OTP,0,20140121,162501,4578,1660
OTP,0,20140121,162505,4572,1535
OTP,0,20140121,162506,4572,11
OTP,0,20140121,162509,4572,455
OTP,0,20140121,162529,4578,1340
OTP,0,20140121,162529,4579,4363
OTP,0,20140121,162544,4575,2000
OTP,0,20140121,162651,4578,50
OTP,0,20140121,162651,4579,1302
OTP,0,20140121,162651,4580,5003
OTP,0,20140121,162655,4581,114
OTP,0,20140121,162658,4581,1370
OTP,0,20140121,162715,4581,90
OTP,0,20140121,162723,4581,160
OTP,0,20140121,162725,4581,2626
OTP,0,20140121,162725,4580,374
OTP,0,20140121,162732,4582,7
OTP,0,20140121,162732,4583,493
OTP,0,20140121,162753,4580,100
OTP,0,20140121,162806,4580,200
OTP,0,20140121,162833,4580,1200
OTP,0,20140121,162838,4580,3670
OTP,0,20140121,162858,4580,1000
OTP,0,20140121,162901,4580,5000
OTP,0,20140121,163051,4580,350
OTP,0,20140121,163139,4580,1680
OTP,0,20140121,163159,4580,320
OTP,0,20140121,163225,4580,680
OTP,0,20140121,163429,4575,67
OTP,0,20140121,163440,4579,100
OTP,0,20140121,163440,4580,340
OTP,0,20140121,163452,4580,150
OTP,0,20140121,163453,4580,300
OTP,0,20140121,163454,4580,1000
OTP,0,20140121,163506,4580,375
OTP,0,20140121,163506,4583,517
OTP,0,20140121,163506,4584,550
OTP,0,20140121,163506,4585,376
OTP,0,20140121,163507,4586,1070
OTP,0,20140121,163507,4586,867
OTP,0,20140121,163509,4587,4130
OTP,0,20140121,163512,4585,325
OTP,0,20140121,163522,4588,1165
OTP,0,20140121,163543,4585,500
OTP,0,20140121,163551,4585,126
OTP,0,20140121,163557,4585,1839
OTP,0,20140121,163600,4585,500
OTP,0,20140121,163601,4585,2661
OTP,0,20140121,163601,4581,589
OTP,0,20140121,163623,4585,10
OTP,0,20140121,163655,4585,20
OTP,0,20140121,163724,4581,50
OTP,0,20140121,163727,4581,250
OTP,0,20140121,163740,4582,560
OTP,0,20140121,163810,4585,240
OTP,0,20140121,163815,4582,940
OTP,0,20140121,163901,4582,210
OTP,0,20140121,163935,4584,300
OTP,0,20140121,163935,4582,538
OTP,0,20140121,163949,4585,150
OTP,0,20140121,164000,4586,1500
OTP,0,20140121,164038,4582,22
OTP,0,20140121,164054,4582,1200
OTP,0,20140121,164105,4585,176
OTP,0,20140121,164105,4586,500
OTP,0,20140121,164105,4587,300
OTP,0,20140121,164105,4588,6328
OTP,0,20140121,164105,4589,5420
OTP,0,20140121,164105,4590,2276
OTP,0,20140121,164108,4583,15
OTP,0,20140121,164108,4583,276
OTP,0,20140121,164110,4583,15
OTP,0,20140121,164110,4583,174
OTP,0,20140121,164110,4583,102
OTP,0,20140121,164110,4590,235
OTP,0,20140121,164112,4583,44
OTP,0,20140121,164112,4583,15
OTP,0,20140121,164112,4583,233
OTP,0,20140121,164114,4583,276
OTP,0,20140121,164114,4583,15
OTP,0,20140121,164116,4583,276
OTP,0,20140121,164116,4583,15
OTP,0,20140121,164124,4584,274
OTP,0,20140121,164132,4585,145
OTP,0,20140121,164133,4590,113
OTP,0,20140121,164145,4590,630
OTP,0,20140121,164206,4585,12
OTP,0,20140121,164207,4590,25
OTP,0,20140121,164220,4587,40000
OTP,0,20140121,164223,4585,5550
OTP,0,20140121,164309,4589,1149
OTP,0,20140121,164321,4589,30
OTP,0,20140121,164357,4588,147
OTP,0,20140121,164358,4588,28
OTP,0,20140121,164358,4588,1
OTP,0,20140121,164358,4588,33
OTP,0,20140121,164359,4588,91
OTP,0,20140121,164359,4589,121
OTP,0,20140121,164359,4590,8
OTP,0,20140121,164401,4590,1500
OTP,0,20140121,164402,4590,1500
OTP,0,20140121,164402,4590,1500
OTP,0,20140121,164402,4590,738
OTP,0,20140121,164403,4590,1500
OTP,0,20140121,164403,4590,1287
OTP,0,20140121,164403,4590,1500
OTP,0,20140121,164403,4590,1145
OTP,0,20140121,164404,4590,60
OTP,0,20140121,164406,4590,1795
OTP,0,20140121,164406,4587,105
OTP,0,20140121,164410,4590,1454
OTP,0,20140121,164418,4587,400
OTP,0,20140121,164507,4589,200
OTP,0,20140121,164508,4591,100
OTP,0,20140121,164508,4592,20
OTP,0,20140121,164508,4593,20
OTP,0,20140121,164508,4594,60
OTP,0,20140121,164509,4594,1175
OTP,0,20140121,164519,4589,60
OTP,0,20140121,164520,4590,4000
OTP,0,20140121,164536,4595,120
OTP,0,20140121,164544,4590,50
OTP,0,20140121,164553,4595,1500
OTP,0,20140121,164554,4595,1500
OTP,0,20140121,164556,4595,1500
OTP,0,20140121,164557,4595,1364
OTP,0,20140121,164557,4596,136
OTP,0,20140121,164557,4596,164
OTP,0,20140121,164557,4597,1250
OTP,0,20140121,164557,4598,86
OTP,0,20140121,164559,4598,1500
OTP,0,20140121,164559,4598,1500
OTP,0,20140121,164639,4595,100
OTP,0,20140121,164643,4595,160
OTP,0,20140121,164643,4593,40
OTP,0,20140121,164659,4594,100
OTP,0,20140121,164724,4594,73
OTP,0,20140121,164724,4590,1927
OTP,0,20140121,164731,4590,728
OTP,0,20140121,164733,4590,1385
OTP,0,20140121,164734,4590,615
OTP,0,20140121,164738,4590,50
OTP,0,20140121,164816,4590,50
OTP,0,20140121,164827,4590,100
OTP,0,20140121,164857,4590,250
OTP,0,20140121,164920,4590,342
OTP,0,20140121,164938,4589,275
OTP,0,20140121,165058,4589,13
OTP,0,20140121,165058,4589,13
OTP,0,20140121,165058,4589,13
OTP,0,20140121,165058,4590,158
OTP,0,20140121,165058,4590,158
OTP,0,20140121,165058,4590,158
OTP,0,20140121,165106,4592,1000
OTP,0,20140121,165106,4592,1000
OTP,0,20140121,165106,4592,1000
OTP,0,20140121,165106,4594,160
OTP,0,20140121,165106,4594,160
OTP,0,20140121,165106,4594,160
OTP,0,20140121,165106,4595,1430
OTP,0,20140121,165106,4595,1430
OTP,0,20140121,165106,4595,1430
OTP,0,20140121,165106,4596,56
OTP,0,20140121,165106,4596,56
OTP,0,20140121,165106,4596,56
OTP,0,20140121,165106,4597,739
OTP,0,20140121,165106,4597,739
OTP,0,20140121,165106,4597,739
OTP,0,20140121,165106,4598,1510
OTP,0,20140121,165106,4598,1510
OTP,0,20140121,165106,4598,1510
OTP,0,20140121,165106,4598,1000
OTP,0,20140121,165106,4598,1000
OTP,0,20140121,165106,4598,1000
OTP,0,20140121,165113,4598,1500
OTP,0,20140121,165113,4598,1500
OTP,0,20140121,165113,4598,1500
OTP,0,20140121,165115,4595,1000
OTP,0,20140121,165115,4595,1000
OTP,0,20140121,165115,4595,1000
OTP,0,20140121,165116,4598,1500
OTP,0,20140121,165116,4598,1500
OTP,0,20140121,165116,4598,1500
OTP,0,20140121,165116,4598,1500
OTP,0,20140121,165116,4598,1500
OTP,0,20140121,165116,4598,1500
OTP,0,20140121,165117,4598,741
OTP,0,20140121,165117,4598,741
OTP,0,20140121,165117,4598,741
OTP,0,20140121,165117,4599,759
OTP,0,20140121,165117,4599,759
OTP,0,20140121,165117,4599,759
OTP,0,20140121,165117,4599,1500
OTP,0,20140121,165117,4599,1500
OTP,0,20140121,165117,4599,1500
OTP,0,20140121,165118,4599,1500
OTP,0,20140121,165118,4599,1500
OTP,0,20140121,165118,4599,1500
OTP,0,20140121,165118,4599,1500
OTP,0,20140121,165118,4599,1500
OTP,0,20140121,165118,4599,1500
OTP,0,20140121,165118,4599,1500
OTP,0,20140121,165118,4599,1500
OTP,0,20140121,165118,4599,1500
OTP,0,20140121,165129,4599,1500
OTP,0,20140121,165129,4599,1500
OTP,0,20140121,165129,4599,1500
OTP,0,20140121,165134,4599,1500
OTP,0,20140121,165134,4599,1500
OTP,0,20140121,165134,4599,1500
OTP,0,20140121,165147,4598,30
OTP,0,20140121,165147,4598,30
OTP,0,20140121,165147,4598,30
OTP,0,20140121,165147,4599,6705
OTP,0,20140121,165147,4599,6705
OTP,0,20140121,165147,4599,6705
OTP,0,20140121,165148,4599,1213
OTP,0,20140121,165148,4599,1213
OTP,0,20140121,165148,4599,1213
OTP,0,20140121,165158,4599,150
OTP,0,20140121,165158,4599,150
OTP,0,20140121,165158,4599,150
OTP,0,20140121,165205,4598,282
OTP,0,20140121,165205,4598,282
OTP,0,20140121,165205,4598,282
OTP,0,20140121,165214,4599,50
OTP,0,20140121,165214,4599,50
OTP,0,20140121,165214,4599,50
OTP,0,20140121,165217,4598,10
OTP,0,20140121,165217,4598,10
OTP,0,20140121,165217,4598,10
OTP,0,20140121,165226,4598,48
OTP,0,20140121,165226,4598,48
OTP,0,20140121,165226,4598,48
OTP,0,20140121,165227,4598,90
OTP,0,20140121,165227,4598,90
OTP,0,20140121,165227,4598,90
OTP,0,20140121,165232,4598,50
OTP,0,20140121,165232,4598,50
OTP,0,20140121,165232,4598,50
OTP,0,20140121,165237,4598,50
OTP,0,20140121,165237,4598,50
OTP,0,20140121,165237,4598,50
OTP,0,20140121,165238,4598,100
OTP,0,20140121,165238,4598,100
OTP,0,20140121,165238,4598,100
OTP,0,20140121,165242,4599,775
OTP,0,20140121,165242,4599,775
OTP,0,20140121,165242,4599,775
OTP,0,20140121,165255,4599,200
OTP,0,20140121,165255,4599,200
OTP,0,20140121,165255,4599,200
OTP,0,20140121,165304,4599,1000
OTP,0,20140121,165304,4599,1000
OTP,0,20140121,165304,4599,1000
OTP,0,20140121,165313,4599,100
OTP,0,20140121,165313,4599,100
OTP,0,20140121,165313,4599,100
OTP,0,20140121,165333,4599,215
OTP,0,20140121,165333,4599,215
OTP,0,20140121,165333,4599,215
OTP,0,20140121,165341,4598,5262
OTP,0,20140121,165341,4598,5262
OTP,0,20140121,165341,4598,5262
OTP,0,20140121,165356,4598,836
OTP,0,20140121,165356,4598,836
OTP,0,20140121,165356,4598,836
OTP,0,20140121,165513,4596,100
OTP,0,20140121,165513,4596,100
OTP,0,20140121,165513,4596,100
OTP,0,20140121,165513,4596,30
OTP,0,20140121,165513,4596,30
OTP,0,20140121,165513,4596,30
OTP,0,20140121,165514,4596,500
OTP,0,20140121,165514,4596,500
OTP,0,20140121,165514,4596,500
OTP,0,20140121,165514,4596,370
OTP,0,20140121,165514,4596,370
OTP,0,20140121,165514,4596,370
OTP,0,20140121,165514,4597,1279
OTP,0,20140121,165514,4597,1279
OTP,0,20140121,165514,4597,1279
OTP,0,20140121,165514,4598,157
OTP,0,20140121,165514,4598,157
OTP,0,20140121,165514,4598,157
OTP,0,20140121,165514,4598,50
OTP,0,20140121,165514,4598,50
OTP,0,20140121,165514,4598,50
OTP,0,20140121,165516,4598,100
OTP,0,20140121,165516,4598,100
OTP,0,20140121,165516,4598,100
OTP,0,20140121,165516,4598,50
OTP,0,20140121,165516,4598,50
OTP,0,20140121,165516,4598,50
OTP,0,20140121,165517,4592,120
OTP,0,20140121,165517,4592,120
OTP,0,20140121,165517,4592,120
OTP,0,20140121,165517,4598,150
OTP,0,20140121,165517,4598,150
OTP,0,20140121,165517,4598,150
OTP,0,20140121,165517,4598,40
OTP,0,20140121,165517,4598,40
OTP,0,20140121,165517,4598,40
OTP,0,20140121,165518,4598,84
OTP,0,20140121,165518,4598,84
OTP,0,20140121,165518,4598,84
OTP,0,20140121,165518,4598,30
OTP,0,20140121,165518,4598,30
OTP,0,20140121,165518,4598,30
OTP,0,20140121,165518,4598,270
OTP,0,20140121,165518,4598,270
OTP,0,20140121,165518,4598,270
OTP,0,20140121,165518,4598,300
OTP,0,20140121,165518,4598,300
OTP,0,20140121,165518,4598,300
OTP,0,20140121,165519,4598,4000
OTP,0,20140121,165519,4598,4000
OTP,0,20140121,165519,4598,4000
OTP,0,20140121,165519,4598,30
OTP,0,20140121,165519,4598,30
OTP,0,20140121,165519,4598,30
OTP,0,20140121,165519,4598,100
OTP,0,20140121,165519,4598,100
OTP,0,20140121,165519,4598,100
OTP,0,20140121,165531,4592,30
OTP,0,20140121,165531,4592,30
OTP,0,20140121,165531,4592,30
OTP,0,20140121,165538,4595,100
OTP,0,20140121,165538,4595,100
OTP,0,20140121,165538,4595,100
OTP,0,20140121,165603,4593,30
OTP,0,20140121,165603,4593,30
OTP,0,20140121,165603,4593,30
OTP,0,20140121,165603,4592,320
OTP,0,20140121,165603,4592,320
OTP,0,20140121,165603,4592,320
OTP,0,20140121,165625,4596,100
OTP,0,20140121,165625,4596,100
OTP,0,20140121,165625,4596,100
OTP,0,20140121,165625,4598,263
OTP,0,20140121,165625,4598,263
OTP,0,20140121,165625,4598,263
OTP,0,20140121,165625,4598,150
OTP,0,20140121,165625,4598,150
OTP,0,20140121,165625,4598,150
OTP,0,20140121,165625,4598,20
OTP,0,20140121,165625,4598,20
OTP,0,20140121,165625,4598,20
OTP,0,20140121,165650,4592,50
OTP,0,20140121,165650,4592,50
OTP,0,20140121,165650,4592,50
OTP,0,20140121,165733,4597,35
OTP,0,20140121,165733,4597,35
OTP,0,20140121,165733,4597,35
OTP,0,20140121,165733,4598,1465
OTP,0,20140121,165733,4598,1465
OTP,0,20140121,165733,4598,1465
OTP,0,20140121,165747,4597,21
OTP,0,20140121,165747,4597,21
OTP,0,20140121,165747,4597,21
OTP,0,20140121,165747,4595,179
OTP,0,20140121,165747,4595,179
OTP,0,20140121,165747,4595,179
OTP,0,20140121,165751,4598,1176
OTP,0,20140121,165751,4598,1176
OTP,0,20140121,165751,4598,1176
OTP,0,20140121,165751,4599,1653
OTP,0,20140121,165751,4599,1653
OTP,0,20140121,165751,4599,1653
OTP,0,20140121,165751,4599,390
OTP,0,20140121,165751,4599,390
OTP,0,20140121,165751,4599,390
OTP,0,20140121,165751,4599,3000
OTP,0,20140121,165751,4599,3000
OTP,0,20140121,165751,4599,3000
OTP,0,20140121,165805,4595,260
OTP,0,20140121,165805,4595,260
OTP,0,20140121,165805,4595,260
OTP,0,20140121,165816,4597,61
OTP,0,20140121,165816,4597,61
OTP,0,20140121,165816,4597,61
OTP,0,20140121,165840,4593,20
OTP,0,20140121,165840,4593,20
OTP,0,20140121,165840,4593,20
OTP,0,20140121,165849,4593,80
OTP,0,20140121,165849,4593,80
OTP,0,20140121,165849,4593,80
OTP,0,20140121,165849,4592,1285
OTP,0,20140121,165849,4592,1285
OTP,0,20140121,165849,4592,1285
OTP,0,20140121,165900,4585,18
OTP,0,20140121,165900,4585,18
OTP,0,20140121,165900,4585,18
OTP,0,20140121,165931,4592,74
OTP,0,20140121,165931,4592,74
OTP,0,20140121,165931,4592,74
OTP,0,20140121,165931,4594,176
OTP,0,20140121,165931,4594,176
OTP,0,20140121,165931,4594,176
OTP,0,20140121,165933,4585,40
OTP,0,20140121,165933,4585,40
OTP,0,20140121,165933,4585,40
OTP,0,20140121,165938,4585,40
OTP,0,20140121,165938,4585,40
OTP,0,20140121,165938,4585,40
OTP,0,20140121,165949,4594,277
OTP,0,20140121,165949,4594,277
OTP,0,20140121,165949,4594,277
OTP,0,20140121,165949,4594,47
OTP,0,20140121,165949,4594,47
OTP,0,20140121,165949,4594,47
OTP,0,20140121,165950,4595,1035
OTP,0,20140121,165950,4595,1035
OTP,0,20140121,165950,4595,1035
OTP,0,20140121,165951,4596,428
OTP,0,20140121,165951,4596,428
OTP,0,20140121,165951,4596,428
OTP,0,20140121,165951,4596,57
OTP,0,20140121,165951,4596,57
OTP,0,20140121,165951,4596,57
OTP,0,20140121,165951,4596,1314
OTP,0,20140121,165951,4596,1314
OTP,0,20140121,165951,4596,1314
OTP,0,20140121,165952,4596,201
OTP,0,20140121,165952,4596,201
OTP,0,20140121,165952,4596,201
OTP,0,20140121,170515,4600,262001
OTP,0,20140121,170515,4600,262001
OTP,0,20140121,170515,4600,262001
