<TICKER>,<PER>,<DTYYYYMMDD>,<TIME>,<CLOSE>,<VOLUME>
OTP,0,20140123,090004,4570,1934
OTP,0,20140123,090219,4560,1000
OTP,0,20140123,090220,4568,144
OTP,0,20140123,090246,4567,54
OTP,0,20140123,090246,4568,169
OTP,0,20140123,090248,4567,10
OTP,0,20140123,090248,4568,62
OTP,0,20140123,090258,4568,1000
OTP,0,20140123,090259,4568,193
OTP,0,20140123,090301,4568,20
OTP,0,20140123,090303,4568,30
OTP,0,20140123,090309,4556,57
OTP,0,20140123,090309,4555,43
OTP,0,20140123,090324,4560,144
OTP,0,20140123,090333,4556,144
OTP,0,20140123,090335,4556,240
OTP,0,20140123,090335,4555,190
OTP,0,20140123,090356,4560,50
OTP,0,20140123,090408,4560,10
OTP,0,20140123,090420,4555,50
OTP,0,20140123,090421,4560,100
OTP,0,20140123,090553,4555,50
OTP,0,20140123,090615,4559,2000
OTP,0,20140123,090643,4560,120
OTP,0,20140123,090652,4560,1756
OTP,0,20140123,090729,4567,10
OTP,0,20140123,090730,4567,2
OTP,0,20140123,090730,4568,18
OTP,0,20140123,090801,4568,182
OTP,0,20140123,090801,4569,600
OTP,0,20140123,090801,4570,2000
OTP,0,20140123,090806,4570,30
OTP,0,20140123,090808,4570,570
OTP,0,20140123,090823,4570,150
OTP,0,20140123,090823,4562,120
OTP,0,20140123,090823,4561,234
OTP,0,20140123,090900,4562,484
OTP,0,20140123,090933,4562,200
OTP,0,20140123,090944,4562,277
OTP,0,20140123,090948,4561,253
OTP,0,20140123,091055,4562,200
OTP,0,20140123,091055,4561,271
OTP,0,20140123,091112,4565,12
OTP,0,20140123,091112,4562,200
OTP,0,20140123,091138,4562,300
OTP,0,20140123,091146,4561,30
OTP,0,20140123,091148,4562,700
OTP,0,20140123,091316,4562,40
OTP,0,20140123,091316,4561,360
OTP,0,20140123,091319,4565,100
OTP,0,20140123,091347,4565,790
OTP,0,20140123,091444,4565,2384
OTP,0,20140123,091513,4565,205
OTP,0,20140123,091637,4565,355
OTP,0,20140123,091645,4565,45
OTP,0,20140123,091807,4565,50
OTP,0,20140123,091807,4563,179
OTP,0,20140123,091939,4563,11
OTP,0,20140123,091939,4562,615
OTP,0,20140123,091939,4561,374
OTP,0,20140123,091959,4562,280
OTP,0,20140123,092016,4563,55
OTP,0,20140123,092016,4562,105
OTP,0,20140123,092027,4562,115
OTP,0,20140123,092027,4561,135
OTP,0,20140123,092048,4561,100
OTP,0,20140123,092117,4561,200
OTP,0,20140123,092133,4563,300
OTP,0,20140123,092415,4570,26
OTP,0,20140123,092656,4570,256
OTP,0,20140123,092701,4570,250
OTP,0,20140123,092720,4570,400
OTP,0,20140123,092735,4570,344
OTP,0,20140123,092750,4570,100
OTP,0,20140123,092839,4570,19
OTP,0,20140123,093019,4565,350
OTP,0,20140123,093019,4564,50
OTP,0,20140123,093127,4570,160
OTP,0,20140123,093128,4570,350
OTP,0,20140123,093131,4570,190
OTP,0,20140123,093131,4570,190
OTP,0,20140123,093133,4570,200
OTP,0,20140123,093135,4570,310
OTP,0,20140123,093135,4570,1
OTP,0,20140123,093135,4570,310
OTP,0,20140123,093140,4570,39
OTP,0,20140123,093142,4570,30
OTP,0,20140123,093148,4570,70
OTP,0,20140123,093149,4570,320
OTP,0,20140123,093150,4570,211
OTP,0,20140123,093154,4570,69
OTP,0,20140123,093208,4570,350
OTP,0,20140123,093215,4570,400
OTP,0,20140123,093219,4570,350
OTP,0,20140123,093222,4570,350
OTP,0,20140123,093222,4570,350
OTP,0,20140123,093226,4570,350
OTP,0,20140123,093232,4570,306
OTP,0,20140123,093234,4570,150
OTP,0,20140123,093235,4570,1850
OTP,0,20140123,093244,4572,50
OTP,0,20140123,093250,4570,1
OTP,0,20140123,093253,4573,50
OTP,0,20140123,093256,4570,649
OTP,0,20140123,093258,4570,500
OTP,0,20140123,093259,4570,100
OTP,0,20140123,093302,4570,200
OTP,0,20140123,093306,4570,551
OTP,0,20140123,093338,4570,1196
OTP,0,20140123,093426,4566,260
OTP,0,20140123,093450,4570,600
OTP,0,20140123,093453,4570,304
OTP,0,20140123,093609,4570,11
OTP,0,20140123,093854,4570,679
OTP,0,20140123,093907,4570,3521
OTP,0,20140123,093918,4568,123
OTP,0,20140123,094040,4570,265
OTP,0,20140123,094137,4570,1400
OTP,0,20140123,094145,4570,160
OTP,0,20140123,094147,4570,840
OTP,0,20140123,094147,4568,30
OTP,0,20140123,094151,4568,192
OTP,0,20140123,094155,4568,1000
OTP,0,20140123,094216,4568,2000
OTP,0,20140123,094225,4568,50
OTP,0,20140123,094247,4568,888
OTP,0,20140123,094248,4568,3000
OTP,0,20140123,094256,4568,500
OTP,0,20140123,094411,4568,500
OTP,0,20140123,094436,4567,100
OTP,0,20140123,094514,4568,31
OTP,0,20140123,094558,4567,100
OTP,0,20140123,094558,4566,30
OTP,0,20140123,094616,4567,100
OTP,0,20140123,094737,4566,1500
OTP,0,20140123,094759,4566,70
OTP,0,20140123,094759,4565,325
OTP,0,20140123,094800,4565,1
OTP,0,20140123,094803,4565,100
OTP,0,20140123,094810,4565,74
OTP,0,20140123,094845,4567,50
OTP,0,20140123,094845,4568,1450
OTP,0,20140123,094950,4565,100
OTP,0,20140123,094953,4565,183
OTP,0,20140123,095016,4565,15
OTP,0,20140123,095026,4565,52
OTP,0,20140123,095028,4565,30
OTP,0,20140123,095037,4565,550
OTP,0,20140123,095202,4565,200
OTP,0,20140123,095203,4565,18
OTP,0,20140123,095209,4564,840
OTP,0,20140123,095213,4564,70
OTP,0,20140123,095216,4563,112
OTP,0,20140123,095222,4564,500
OTP,0,20140123,095225,4562,400
OTP,0,20140123,095236,4564,160
OTP,0,20140123,095237,4561,300
OTP,0,20140123,095306,4561,55
OTP,0,20140123,095306,4560,415
OTP,0,20140123,095405,4560,187
OTP,0,20140123,095410,4561,2
OTP,0,20140123,095417,4557,100
OTP,0,20140123,095417,4556,265
OTP,0,20140123,095417,4555,235
OTP,0,20140123,095426,4555,500
OTP,0,20140123,095550,4555,70
OTP,0,20140123,095645,4560,50
OTP,0,20140123,095748,4560,250
OTP,0,20140123,095755,4560,100
OTP,0,20140123,095815,4561,291
OTP,0,20140123,095823,4561,1090
OTP,0,20140123,095823,4560,2400
OTP,0,20140123,095835,4560,1510
OTP,0,20140123,095851,4560,1000
OTP,0,20140123,100033,4561,407
OTP,0,20140123,100151,4563,110
OTP,0,20140123,100152,4561,30
OTP,0,20140123,100255,4561,100
OTP,0,20140123,100343,4563,190
OTP,0,20140123,100347,4565,1592
OTP,0,20140123,100351,4566,674
OTP,0,20140123,100444,4565,269
OTP,0,20140123,100444,4566,4326
OTP,0,20140123,100612,4566,50
OTP,0,20140123,100620,4566,50
OTP,0,20140123,100703,4567,35
OTP,0,20140123,100707,4567,250
OTP,0,20140123,100754,4567,100
OTP,0,20140123,101104,4565,600
OTP,0,20140123,101114,4565,380
OTP,0,20140123,101116,4565,380
OTP,0,20140123,101119,4565,1240
OTP,0,20140123,101126,4565,700
OTP,0,20140123,101131,4565,60
OTP,0,20140123,101134,4565,978
OTP,0,20140123,101136,4565,978
OTP,0,20140123,101138,4565,44
OTP,0,20140123,101143,4565,934
OTP,0,20140123,101149,4565,3144
OTP,0,20140123,101151,4565,856
OTP,0,20140123,101153,4565,4000
OTP,0,20140123,101158,4565,1500
OTP,0,20140123,101159,4565,944
OTP,0,20140123,101200,4567,175
OTP,0,20140123,101220,4565,556
OTP,0,20140123,101223,4565,444
OTP,0,20140123,101234,4565,1400
OTP,0,20140123,101311,4565,10
OTP,0,20140123,101425,4566,100
OTP,0,20140123,101445,4565,60
OTP,0,20140123,101452,4565,469
OTP,0,20140123,101454,4565,131
OTP,0,20140123,101511,4565,2169
OTP,0,20140123,101524,4565,1290
OTP,0,20140123,101531,4565,919
OTP,0,20140123,101532,4565,481
OTP,0,20140123,101534,4565,1400
OTP,0,20140123,101534,4562,100
OTP,0,20140123,101536,4565,1119
OTP,0,20140123,101540,4565,281
OTP,0,20140123,101545,4565,4719
OTP,0,20140123,101612,4565,1981
OTP,0,20140123,101616,4565,1700
OTP,0,20140123,101619,4565,1319
OTP,0,20140123,101623,4565,100
OTP,0,20140123,101627,4565,700
OTP,0,20140123,101643,4565,1000
OTP,0,20140123,101730,4565,2101
OTP,0,20140123,101740,4565,300
OTP,0,20140123,101743,4565,1520
OTP,0,20140123,101744,4565,1520
OTP,0,20140123,101748,4565,204
OTP,0,20140123,101753,4565,296
OTP,0,20140123,101822,4565,200
OTP,0,20140123,101858,4565,130
OTP,0,20140123,101934,4567,500
OTP,0,20140123,102023,4565,110
OTP,0,20140123,102026,4565,75
OTP,0,20140123,102102,4567,9
OTP,0,20140123,102323,4567,75
OTP,0,20140123,102413,4565,748
OTP,0,20140123,102419,4565,1800
OTP,0,20140123,102420,4565,1800
OTP,0,20140123,102421,4565,652
OTP,0,20140123,102447,4565,1148
OTP,0,20140123,102450,4565,1800
OTP,0,20140123,102453,4565,300
OTP,0,20140123,102456,4565,1752
OTP,0,20140123,102457,4565,48
OTP,0,20140123,102458,4563,104
OTP,0,20140123,102458,4562,300
OTP,0,20140123,102458,4561,96
OTP,0,20140123,102502,4565,1800
OTP,0,20140123,102504,4565,1800
OTP,0,20140123,102505,4565,1800
OTP,0,20140123,102506,4565,1800
OTP,0,20140123,102507,4565,1052
OTP,0,20140123,102605,4567,400
OTP,0,20140123,102723,4566,150
OTP,0,20140123,102842,4569,26
OTP,0,20140123,102842,4570,1974
OTP,0,20140123,102951,4570,2000
OTP,0,20140123,103048,4570,176
OTP,0,20140123,103149,4572,50
OTP,0,20140123,103149,4573,50
OTP,0,20140123,103222,4573,600
OTP,0,20140123,103223,4574,100
OTP,0,20140123,103237,4576,100
OTP,0,20140123,103237,4579,1061
OTP,0,20140123,103237,4580,3339
OTP,0,20140123,103302,4580,181
OTP,0,20140123,103302,4584,33
OTP,0,20140123,103310,4584,767
OTP,0,20140123,103310,4585,233
OTP,0,20140123,103315,4580,319
OTP,0,20140123,103319,4578,100
OTP,0,20140123,103323,4572,400
OTP,0,20140123,103326,4571,321
OTP,0,20140123,103349,4580,2500
OTP,0,20140123,103352,4580,500
OTP,0,20140123,103438,4574,250
OTP,0,20140123,103438,4573,1000
OTP,0,20140123,103441,4573,250
OTP,0,20140123,103442,4573,250
OTP,0,20140123,103446,4573,250
OTP,0,20140123,103446,4573,250
OTP,0,20140123,103501,4578,500
OTP,0,20140123,103535,4574,800
OTP,0,20140123,103535,4571,2042
OTP,0,20140123,103535,4570,3050
OTP,0,20140123,103538,4570,110
OTP,0,20140123,103541,4570,6998
OTP,0,20140123,103716,4580,500
OTP,0,20140123,103805,4570,120
OTP,0,20140123,103949,4576,500
OTP,0,20140123,104101,4572,343
OTP,0,20140123,104457,4570,257
OTP,0,20140123,104602,4571,15
OTP,0,20140123,104613,4571,185
OTP,0,20140123,104613,4570,215
OTP,0,20140123,104617,4579,50
OTP,0,20140123,105013,4571,500
OTP,0,20140123,105014,4571,43
OTP,0,20140123,105054,4571,477
OTP,0,20140123,105130,4581,1
OTP,0,20140123,105933,4579,175
OTP,0,20140123,110213,4572,918
OTP,0,20140123,110213,4571,193
OTP,0,20140123,110405,4572,500
OTP,0,20140123,110456,4571,1171
OTP,0,20140123,110457,4571,544
OTP,0,20140123,110520,4570,2000
OTP,0,20140123,110521,4570,1411
OTP,0,20140123,110931,4571,15
OTP,0,20140123,111845,4571,11
OTP,0,20140123,112421,4572,19
OTP,0,20140123,112626,4578,130
OTP,0,20140123,112626,4579,824
OTP,0,20140123,112626,4580,3346
OTP,0,20140123,112626,4572,224
OTP,0,20140123,112630,4579,920
OTP,0,20140123,112635,4579,460
OTP,0,20140123,112639,4579,390
OTP,0,20140123,112651,4580,26
OTP,0,20140123,112926,4582,100
OTP,0,20140123,112942,4585,500
OTP,0,20140123,113127,4580,100
OTP,0,20140123,113155,4582,76
OTP,0,20140123,113159,4580,857
OTP,0,20140123,113203,4579,390
OTP,0,20140123,113209,4580,1760
OTP,0,20140123,113222,4580,20
OTP,0,20140123,113250,4580,200
OTP,0,20140123,113339,4580,120
OTP,0,20140123,113439,4580,200
OTP,0,20140123,113439,4580,308
OTP,0,20140123,113721,4585,100
OTP,0,20140123,113721,4588,10
OTP,0,20140123,113914,4581,100
OTP,0,20140123,113948,4583,500
OTP,0,20140123,114051,4583,253
OTP,0,20140123,114102,4583,374
OTP,0,20140123,114102,4583,419
OTP,0,20140123,114105,4583,230
OTP,0,20140123,114149,4582,600
OTP,0,20140123,114306,4588,1850
OTP,0,20140123,114502,4589,687
OTP,0,20140123,114502,4590,2417
OTP,0,20140123,114502,4591,380
OTP,0,20140123,114502,4593,836
OTP,0,20140123,114502,4594,1506
OTP,0,20140123,114502,4595,17836
OTP,0,20140123,114502,4596,10
OTP,0,20140123,114502,4598,1141
OTP,0,20140123,114502,4599,3547
OTP,0,20140123,114502,4600,33466
OTP,0,20140123,114502,4601,12
OTP,0,20140123,114502,4601,18
OTP,0,20140123,114503,4600,654
OTP,0,20140123,114507,4600,345
OTP,0,20140123,114508,4600,2000
OTP,0,20140123,114512,4600,243
OTP,0,20140123,114531,4599,2000
OTP,0,20140123,114531,4600,4757
OTP,0,20140123,114541,4600,1000
OTP,0,20140123,114551,4600,400
OTP,0,20140123,114600,4600,51
OTP,0,20140123,114609,4601,10
OTP,0,20140123,114609,4602,85
OTP,0,20140123,114609,4603,25
OTP,0,20140123,114609,4605,480
OTP,0,20140123,114609,4605,20
OTP,0,20140123,114609,4605,20
OTP,0,20140123,114610,4600,20
OTP,0,20140123,114636,4605,3
OTP,0,20140123,114745,4604,200
OTP,0,20140123,114745,4605,150
OTP,0,20140123,114755,4605,1000
OTP,0,20140123,114821,4605,469
OTP,0,20140123,114821,4606,16
OTP,0,20140123,114821,4609,15
OTP,0,20140123,114831,4609,30
OTP,0,20140123,114831,4610,145
OTP,0,20140123,114831,4610,7
OTP,0,20140123,114852,4605,40
OTP,0,20140123,114852,4600,100
OTP,0,20140123,114909,4601,100
OTP,0,20140123,114942,4601,15
OTP,0,20140123,114942,4600,985
OTP,0,20140123,114948,4600,200
OTP,0,20140123,114955,4605,29
OTP,0,20140123,115012,4600,500
OTP,0,20140123,115106,4600,985
OTP,0,20140123,115107,4600,466
OTP,0,20140123,115134,4600,34
OTP,0,20140123,115134,4599,66
OTP,0,20140123,115255,4599,38
OTP,0,20140123,115255,4595,56
OTP,0,20140123,115426,4599,10
OTP,0,20140123,115626,4595,140
OTP,0,20140123,115658,4595,400
OTP,0,20140123,115755,4598,100
OTP,0,20140123,115755,4599,10
OTP,0,20140123,115834,4599,175
OTP,0,20140123,115945,4599,80
OTP,0,20140123,120037,4599,25
OTP,0,20140123,120122,4599,250
OTP,0,20140123,120129,4595,77
OTP,0,20140123,120141,4595,17
OTP,0,20140123,120146,4591,700
OTP,0,20140123,120146,4590,1300
OTP,0,20140123,120448,4595,206
OTP,0,20140123,120448,4599,650
OTP,0,20140123,120448,4600,2144
OTP,0,20140123,120449,4600,3000
OTP,0,20140123,120449,4600,2772
OTP,0,20140123,120454,4600,228
OTP,0,20140123,120457,4599,1000
OTP,0,20140123,120500,4600,2000
OTP,0,20140123,120504,4590,317
OTP,0,20140123,120625,4600,1000
OTP,0,20140123,120626,4600,1000
OTP,0,20140123,120627,4600,1000
OTP,0,20140123,120711,4604,150
OTP,0,20140123,120711,4605,153
OTP,0,20140123,120845,4605,788
OTP,0,20140123,120850,4605,508
OTP,0,20140123,120856,4605,531
OTP,0,20140123,121011,4608,35
OTP,0,20140123,121011,4609,2000
OTP,0,20140123,121011,4610,678
OTP,0,20140123,121023,4610,300
OTP,0,20140123,121038,4610,50
OTP,0,20140123,121046,4610,200
OTP,0,20140123,121053,4610,9
OTP,0,20140123,121110,4612,620
OTP,0,20140123,121110,4614,30
OTP,0,20140123,121139,4610,100
OTP,0,20140123,121154,4613,50
OTP,0,20140123,121154,4614,220
OTP,0,20140123,121154,4615,730
OTP,0,20140123,121154,4615,6
OTP,0,20140123,121204,4615,10
OTP,0,20140123,121255,4615,4
OTP,0,20140123,121255,4610,44
OTP,0,20140123,121255,4601,182
OTP,0,20140123,121428,4616,1
OTP,0,20140123,121428,4616,71
OTP,0,20140123,121428,4617,50
OTP,0,20140123,121428,4618,379
OTP,0,20140123,121428,4618,20
OTP,0,20140123,121436,4618,180
OTP,0,20140123,121452,4609,20
OTP,0,20140123,121508,4618,1
OTP,0,20140123,121545,4615,600
OTP,0,20140123,121758,4611,200
OTP,0,20140123,121758,4607,300
OTP,0,20140123,121853,4607,200
OTP,0,20140123,122007,4607,100
OTP,0,20140123,122208,4607,93
OTP,0,20140123,122219,4607,100
OTP,0,20140123,122233,4610,150
OTP,0,20140123,122307,4610,100
OTP,0,20140123,122325,4610,200
OTP,0,20140123,122415,4610,350
OTP,0,20140123,122424,4610,106
OTP,0,20140123,122618,4612,440
OTP,0,20140123,122704,4610,400
OTP,0,20140123,122842,4613,94
OTP,0,20140123,122936,4610,10
OTP,0,20140123,123035,4610,1500
OTP,0,20140123,123200,4610,886
OTP,0,20140123,123206,4610,800
OTP,0,20140123,123210,4610,800
OTP,0,20140123,123226,4607,57
OTP,0,20140123,123229,4606,423
OTP,0,20140123,123332,4610,300
OTP,0,20140123,123459,4606,1077
OTP,0,20140123,123459,4605,2320
OTP,0,20140123,123505,4605,1603
OTP,0,20140123,123527,4608,219
OTP,0,20140123,123607,4608,25
OTP,0,20140123,123719,4608,100
OTP,0,20140123,123725,4610,183
OTP,0,20140123,123732,4610,700
OTP,0,20140123,123743,4608,630
OTP,0,20140123,123836,4608,965
OTP,0,20140123,123943,4608,1000
OTP,0,20140123,124055,4610,2061
OTP,0,20140123,124055,4605,97
OTP,0,20140123,124100,4610,2037
OTP,0,20140123,124109,4606,35
OTP,0,20140123,124128,4609,10
OTP,0,20140123,124330,4605,235
OTP,0,20140123,124456,4603,216
OTP,0,20140123,124514,4603,265
OTP,0,20140123,124552,4605,90
OTP,0,20140123,124743,4605,175
OTP,0,20140123,124748,4603,584
OTP,0,20140123,124748,4602,1916
OTP,0,20140123,124751,4602,596
OTP,0,20140123,124751,4601,1500
OTP,0,20140123,124751,4600,2904
OTP,0,20140123,124751,4600,40
OTP,0,20140123,124757,4600,5000
OTP,0,20140123,124805,4600,1000
OTP,0,20140123,124834,4600,1000
OTP,0,20140123,124836,4600,2156
OTP,0,20140123,124837,4600,2000
OTP,0,20140123,124838,4600,2000
OTP,0,20140123,124839,4600,344
OTP,0,20140123,124841,4600,100
OTP,0,20140123,124911,4600,450
OTP,0,20140123,124934,4600,1106
OTP,0,20140123,125121,4600,1500
OTP,0,20140123,125127,4599,500
OTP,0,20140123,125134,4600,1500
OTP,0,20140123,125151,4601,50
OTP,0,20140123,125200,4599,1000
OTP,0,20140123,125218,4600,4500
OTP,0,20140123,125226,4600,200
OTP,0,20140123,125242,4600,300
OTP,0,20140123,125246,4600,1500
OTP,0,20140123,125250,4600,700
OTP,0,20140123,125350,4600,310
OTP,0,20140123,125354,4600,690
OTP,0,20140123,125357,4600,50
OTP,0,20140123,125414,4600,1260
OTP,0,20140123,125425,4591,500
OTP,0,20140123,125434,4600,1000
OTP,0,20140123,125459,4600,2000
OTP,0,20140123,125501,4600,330
OTP,0,20140123,125514,4600,5000
OTP,0,20140123,125519,4600,5000
OTP,0,20140123,125526,4600,5000
OTP,0,20140123,125545,4600,5000
OTP,0,20140123,125647,4600,5000
OTP,0,20140123,125649,4600,10
OTP,0,20140123,125650,4600,4990
OTP,0,20140123,125650,4600,10
OTP,0,20140123,125650,4604,93
OTP,0,20140123,125704,4591,1
OTP,0,20140123,125709,4600,1
OTP,0,20140123,125713,4600,999
OTP,0,20140123,125718,4600,3000
OTP,0,20140123,125810,4600,2000
OTP,0,20140123,125914,4600,790
OTP,0,20140123,125933,4602,1576
OTP,0,20140123,125940,4602,143
OTP,0,20140123,125949,4604,10
OTP,0,20140123,125949,4605,3271
OTP,0,20140123,125950,4605,10000
OTP,0,20140123,125955,4605,6824
OTP,0,20140123,130016,4603,110
OTP,0,20140123,130026,4609,879
OTP,0,20140123,130034,4602,110
OTP,0,20140123,130041,4602,90
OTP,0,20140123,130131,4602,900
OTP,0,20140123,130138,4602,450
OTP,0,20140123,130138,4601,2000
OTP,0,20140123,130139,4600,8710
OTP,0,20140123,130142,4600,645
OTP,0,20140123,130142,4600,645
OTP,0,20140123,130142,4600,645
OTP,0,20140123,130143,4600,65
OTP,0,20140123,130144,4600,2000
OTP,0,20140123,130145,4600,645
OTP,0,20140123,130146,4600,645
OTP,0,20140123,130146,4600,1710
OTP,0,20140123,130149,4600,645
OTP,0,20140123,130150,4600,645
OTP,0,20140123,130150,4600,645
OTP,0,20140123,130150,4600,4065
OTP,0,20140123,130152,4600,500
OTP,0,20140123,130152,4600,145
OTP,0,20140123,130152,4600,645
OTP,0,20140123,130153,4600,645
OTP,0,20140123,130153,4600,565
OTP,0,20140123,130154,4600,645
OTP,0,20140123,130155,4600,645
OTP,0,20140123,130155,4600,3210
OTP,0,20140123,130157,4600,645
OTP,0,20140123,130157,4600,355
OTP,0,20140123,130157,4600,290
OTP,0,20140123,130157,4600,710
OTP,0,20140123,130158,4600,645
OTP,0,20140123,130159,4600,355
OTP,0,20140123,130159,4600,290
OTP,0,20140123,130159,4600,710
OTP,0,20140123,130200,4600,1000
OTP,0,20140123,130201,4600,645
OTP,0,20140123,130202,4600,355
OTP,0,20140123,130203,4600,1000
OTP,0,20140123,130203,4600,645
OTP,0,20140123,130204,4600,355
OTP,0,20140123,130205,4600,290
OTP,0,20140123,130205,4601,100
OTP,0,20140123,130205,4600,545
OTP,0,20140123,130205,4600,645
OTP,0,20140123,130206,4600,20
OTP,0,20140123,130207,4600,1000
OTP,0,20140123,130208,4600,645
OTP,0,20140123,130208,4600,355
OTP,0,20140123,130209,4600,645
OTP,0,20140123,130210,4600,355
OTP,0,20140123,130211,4600,290
OTP,0,20140123,130211,4600,645
OTP,0,20140123,130212,4600,65
OTP,0,20140123,130212,4600,580
OTP,0,20140123,130213,4600,420
OTP,0,20140123,130213,4600,645
OTP,0,20140123,130214,4600,355
OTP,0,20140123,130215,4600,290
OTP,0,20140123,130216,4600,645
OTP,0,20140123,130216,4600,2305
OTP,0,20140123,130324,4600,2760
OTP,0,20140123,130359,4600,1
OTP,0,20140123,130401,4600,2884
OTP,0,20140123,130405,4600,645
OTP,0,20140123,130406,4600,539
OTP,0,20140123,130412,4600,1946
OTP,0,20140123,130416,4600,645
OTP,0,20140123,130416,4600,355
OTP,0,20140123,130419,4600,290
OTP,0,20140123,130419,4600,645
OTP,0,20140123,130420,4600,65
OTP,0,20140123,130423,4600,645
OTP,0,20140123,130423,4600,355
OTP,0,20140123,130425,4600,290
OTP,0,20140123,130425,4600,250
OTP,0,20140123,130446,4600,1024
OTP,0,20140123,130502,4595,1000
OTP,0,20140123,130901,4595,100
OTP,0,20140123,130901,4592,350
OTP,0,20140123,130910,4592,1650
OTP,0,20140123,130910,4591,850
OTP,0,20140123,130910,4591,350
OTP,0,20140123,131016,4600,175
OTP,0,20140123,131033,4591,1000
OTP,0,20140123,131141,4599,1000
OTP,0,20140123,131428,4599,2000
OTP,0,20140123,131459,4598,1000
OTP,0,20140123,131939,4599,204
OTP,0,20140123,132131,4595,55
OTP,0,20140123,132625,4597,40
OTP,0,20140123,132625,4599,135
OTP,0,20140123,132710,4598,100
OTP,0,20140123,132710,4599,540
OTP,0,20140123,132710,4600,360
OTP,0,20140123,132733,4600,1000
OTP,0,20140123,132839,4596,220
OTP,0,20140123,132839,4595,180
OTP,0,20140123,133051,4595,20
OTP,0,20140123,133142,4595,225
OTP,0,20140123,133237,4595,100
OTP,0,20140123,133435,4597,9
OTP,0,20140123,133546,4595,724
OTP,0,20140123,133625,4597,41
OTP,0,20140123,133625,4598,14
OTP,0,20140123,133625,4600,2645
OTP,0,20140123,133655,4600,500
OTP,0,20140123,133711,4600,500
OTP,0,20140123,133717,4600,1000
OTP,0,20140123,133733,4599,17
OTP,0,20140123,133940,4599,983
OTP,0,20140123,134014,4595,2000
OTP,0,20140123,134017,4595,800
OTP,0,20140123,134040,4599,17
OTP,0,20140123,134040,4600,483
OTP,0,20140123,134208,4595,50
OTP,0,20140123,134313,4596,100
OTP,0,20140123,134313,4595,900
OTP,0,20140123,134707,4595,100
OTP,0,20140123,134814,4595,30
OTP,0,20140123,134820,4598,100
OTP,0,20140123,134820,4599,660
OTP,0,20140123,134820,4600,240
OTP,0,20140123,134843,4598,100
OTP,0,20140123,134843,4599,100
OTP,0,20140123,134843,4600,800
OTP,0,20140123,135637,4599,100
OTP,0,20140123,135752,4599,900
OTP,0,20140123,135752,4596,100
OTP,0,20140123,135909,4600,200
OTP,0,20140123,135925,4596,335
OTP,0,20140123,135940,4596,100
OTP,0,20140123,135944,4596,1135
OTP,0,20140123,140037,4600,50
OTP,0,20140123,140115,4596,150
OTP,0,20140123,140132,4598,93
OTP,0,20140123,140137,4598,7
OTP,0,20140123,140138,4600,2166
OTP,0,20140123,140138,4600,13647
OTP,0,20140123,140146,4600,5000
OTP,0,20140123,140152,4600,11
OTP,0,20140123,140214,4605,5000
OTP,0,20140123,140226,4600,340
OTP,0,20140123,140350,4602,200
OTP,0,20140123,140538,4605,77
OTP,0,20140123,140542,4602,400
OTP,0,20140123,140600,4609,1311
OTP,0,20140123,140600,4610,4689
OTP,0,20140123,140600,4610,140
OTP,0,20140123,140605,4610,123
OTP,0,20140123,140611,4610,737
OTP,0,20140123,140611,4601,2040
OTP,0,20140123,140611,4600,11000
OTP,0,20140123,140613,4600,1223
OTP,0,20140123,140630,4601,100
OTP,0,20140123,140651,4601,141
OTP,0,20140123,140952,4605,100
OTP,0,20140123,141126,4609,600
OTP,0,20140123,141126,4610,370
OTP,0,20140123,141326,4606,50
OTP,0,20140123,141848,4613,38
OTP,0,20140123,141848,4615,137
OTP,0,20140123,142325,4610,150
OTP,0,20140123,142348,4606,400
OTP,0,20140123,142402,4606,50
OTP,0,20140123,142459,4606,766
OTP,0,20140123,142504,4606,234
OTP,0,20140123,142508,4608,120
OTP,0,20140123,142512,4610,70
OTP,0,20140123,142518,4615,570
OTP,0,20140123,142847,4608,100
OTP,0,20140123,143016,4608,30
OTP,0,20140123,143016,4607,5
OTP,0,20140123,143243,4606,37
OTP,0,20140123,143245,4606,333
OTP,0,20140123,143245,4602,859
OTP,0,20140123,143245,4601,90
OTP,0,20140123,143245,4600,4718
OTP,0,20140123,143356,4610,75
OTP,0,20140123,143402,4601,50
OTP,0,20140123,143456,4604,700
OTP,0,20140123,143514,4604,64
OTP,0,20140123,143514,4610,7
OTP,0,20140123,143821,4608,60
OTP,0,20140123,143903,4614,40
OTP,0,20140123,144135,4614,160
OTP,0,20140123,144253,4615,140
OTP,0,20140123,144352,4608,20
OTP,0,20140123,144352,4602,244
OTP,0,20140123,144655,4601,432
OTP,0,20140123,144655,4601,85
OTP,0,20140123,144918,4604,600
OTP,0,20140123,144933,4605,243
OTP,0,20140123,144945,4605,200
OTP,0,20140123,145008,4603,140
OTP,0,20140123,145235,4605,19
OTP,0,20140123,145235,4609,101
OTP,0,20140123,145304,4603,460
OTP,0,20140123,145311,4601,1736
OTP,0,20140123,145311,4600,7538
OTP,0,20140123,145312,4600,726
OTP,0,20140123,145325,4600,100
OTP,0,20140123,145329,4600,564
OTP,0,20140123,145354,4597,29
OTP,0,20140123,145354,4597,100
OTP,0,20140123,145354,4597,4
OTP,0,20140123,145428,4597,267
OTP,0,20140123,145428,4596,580
OTP,0,20140123,145428,4595,251
OTP,0,20140123,145451,4599,1000
OTP,0,20140123,145456,4599,900
OTP,0,20140123,145456,4600,636
OTP,0,20140123,145507,4600,100
OTP,0,20140123,145507,4600,5000
OTP,0,20140123,145524,4600,1500
OTP,0,20140123,145553,4601,900
OTP,0,20140123,145612,4601,600
OTP,0,20140123,145615,4601,70
OTP,0,20140123,145621,4601,20
OTP,0,20140123,145650,4601,54
OTP,0,20140123,145725,4601,20
OTP,0,20140123,145812,4603,190
OTP,0,20140123,145812,4608,30
OTP,0,20140123,145812,4609,3
OTP,0,20140123,145840,4601,505
OTP,0,20140123,145840,4600,1495
OTP,0,20140123,145912,4603,1000
OTP,0,20140123,145912,4601,2650
OTP,0,20140123,145912,4600,4350
OTP,0,20140123,145922,4600,58
OTP,0,20140123,145951,4609,137
OTP,0,20140123,150053,4601,17
OTP,0,20140123,150121,4609,265
OTP,0,20140123,150121,4610,2610
OTP,0,20140123,150136,4614,33
OTP,0,20140123,150136,4615,67
OTP,0,20140123,150144,4610,2000
OTP,0,20140123,150151,4610,125
OTP,0,20140123,150214,4610,5000
OTP,0,20140123,150251,4602,200
OTP,0,20140123,150305,4602,150
OTP,0,20140123,150316,4602,267
OTP,0,20140123,150328,4605,50
OTP,0,20140123,150352,4605,1000
OTP,0,20140123,150358,4610,192
OTP,0,20140123,150416,4610,12
OTP,0,20140123,150430,4610,240
OTP,0,20140123,150430,4605,60
OTP,0,20140123,150519,4606,2000
OTP,0,20140123,150551,4606,200
OTP,0,20140123,150712,4606,40
OTP,0,20140123,150731,4606,760
OTP,0,20140123,150736,4605,1245
OTP,0,20140123,150753,4606,240
OTP,0,20140123,150904,4606,100
OTP,0,20140123,150934,4606,85
OTP,0,20140123,150958,4609,67
OTP,0,20140123,150958,4610,1433
OTP,0,20140123,151001,4606,40
OTP,0,20140123,151011,4610,225
OTP,0,20140123,151134,4610,340
OTP,0,20140123,151148,4610,10
OTP,0,20140123,151229,4610,440
OTP,0,20140123,151254,4610,20
OTP,0,20140123,151254,4607,180
OTP,0,20140123,151306,4610,600
OTP,0,20140123,151328,4610,200
OTP,0,20140123,151336,4610,400
OTP,0,20140123,151417,4613,30
OTP,0,20140123,151426,4613,661
OTP,0,20140123,151426,4614,800
OTP,0,20140123,151426,4615,1119
OTP,0,20140123,151544,4615,1000
OTP,0,20140123,151601,4611,500
OTP,0,20140123,151714,4612,1000
OTP,0,20140123,151743,4614,50
OTP,0,20140123,151743,4615,150
OTP,0,20140123,151749,4615,486
OTP,0,20140123,151749,4617,1514
OTP,0,20140123,151812,4617,800
OTP,0,20140123,151821,4615,20
OTP,0,20140123,151821,4613,5
OTP,0,20140123,151827,4617,350
OTP,0,20140123,152004,4613,500
OTP,0,20140123,152110,4613,3
OTP,0,20140123,152123,4613,103
OTP,0,20140123,152127,4614,15
OTP,0,20140123,152316,4617,391
OTP,0,20140123,152316,4618,109
OTP,0,20140123,152336,4615,244
OTP,0,20140123,152409,4618,1200
OTP,0,20140123,152425,4618,1000
OTP,0,20140123,152500,4615,256
OTP,0,20140123,152500,4614,880
OTP,0,20140123,152501,4618,697
OTP,0,20140123,152519,4615,1000
OTP,0,20140123,152522,4615,50
OTP,0,20140123,152617,4618,1989
OTP,0,20140123,152617,4619,4665
OTP,0,20140123,152617,4620,3346
OTP,0,20140123,152617,4620,263
OTP,0,20140123,152617,4620,750
OTP,0,20140123,152617,4620,41
OTP,0,20140123,152617,4620,600
OTP,0,20140123,152617,4620,4000
OTP,0,20140123,152618,4620,4989
OTP,0,20140123,152619,4620,6000
OTP,0,20140123,152619,4620,1792
OTP,0,20140123,152620,4615,700
OTP,0,20140123,152620,4620,1683
OTP,0,20140123,152624,4620,359
OTP,0,20140123,152629,4620,200
OTP,0,20140123,152634,4620,500
OTP,0,20140123,152636,4621,200
OTP,0,20140123,152636,4622,20
OTP,0,20140123,152636,4623,116
OTP,0,20140123,152636,4624,84
OTP,0,20140123,152636,4624,29
OTP,0,20140123,152636,4625,56
OTP,0,20140123,152641,4625,500
OTP,0,20140123,152646,4625,257
OTP,0,20140123,152655,4625,10
OTP,0,20140123,152655,4626,30
OTP,0,20140123,152655,4628,381
OTP,0,20140123,152655,4629,826
OTP,0,20140123,152655,4630,3753
OTP,0,20140123,152655,4630,400
OTP,0,20140123,152655,4630,50
OTP,0,20140123,152704,4630,2000
OTP,0,20140123,152717,4630,500
OTP,0,20140123,152724,4621,135
OTP,0,20140123,152744,4621,1095
OTP,0,20140123,152744,4620,8905
OTP,0,20140123,152745,4620,450
OTP,0,20140123,152828,4621,100
OTP,0,20140123,152828,4620,650
OTP,0,20140123,152903,4625,20
OTP,0,20140123,153022,4625,180
OTP,0,20140123,153044,4621,1000
OTP,0,20140123,153107,4625,485
OTP,0,20140123,153131,4629,645
OTP,0,20140123,153131,4630,355
OTP,0,20140123,153139,4625,12
OTP,0,20140123,153216,4625,3
OTP,0,20140123,153245,4621,5000
OTP,0,20140123,153313,4621,6
OTP,0,20140123,153313,4620,164
OTP,0,20140123,153315,4620,1000
OTP,0,20140123,153323,4620,497
OTP,0,20140123,153426,4620,200
OTP,0,20140123,153426,4620,100
OTP,0,20140123,153447,4620,237
OTP,0,20140123,153452,4620,1500
OTP,0,20140123,153508,4620,1652
OTP,0,20140123,153509,4620,348
OTP,0,20140123,153515,4620,40
OTP,0,20140123,153538,4620,1031
OTP,0,20140123,153551,4620,500
OTP,0,20140123,153607,4620,1520
OTP,0,20140123,153611,4620,161
OTP,0,20140123,153612,4620,795
OTP,0,20140123,153645,4616,265
OTP,0,20140123,153647,4620,1600
OTP,0,20140123,153651,4620,100
OTP,0,20140123,153652,4620,50
OTP,0,20140123,153710,4620,500
OTP,0,20140123,153807,4616,285
OTP,0,20140123,153807,4615,3274
OTP,0,20140123,153807,4614,1441
OTP,0,20140123,153807,4614,100
OTP,0,20140123,153807,4615,58
OTP,0,20140123,153807,4620,650
OTP,0,20140123,153829,4615,500
OTP,0,20140123,153835,4615,500
OTP,0,20140123,153836,4614,800
OTP,0,20140123,153837,4614,1776
OTP,0,20140123,153838,4614,1227
OTP,0,20140123,153845,4610,500
OTP,0,20140123,153900,4605,500
OTP,0,20140123,153915,4610,780
OTP,0,20140123,153915,4614,120
OTP,0,20140123,153943,4605,1000
OTP,0,20140123,153943,4605,41
OTP,0,20140123,153945,4610,300
OTP,0,20140123,153956,4610,5
OTP,0,20140123,153959,4610,5
OTP,0,20140123,153959,4605,2958
OTP,0,20140123,154026,4605,10
OTP,0,20140123,154036,4605,1000
OTP,0,20140123,154045,4602,1496
OTP,0,20140123,154045,4601,790
OTP,0,20140123,154045,4600,714
OTP,0,20140123,154105,4603,27
OTP,0,20140123,154106,4605,27
OTP,0,20140123,154106,4610,73
OTP,0,20140123,154111,4604,200
OTP,0,20140123,154118,4603,1000
OTP,0,20140123,154127,4603,30
OTP,0,20140123,154132,4603,890
OTP,0,20140123,154132,4601,500
OTP,0,20140123,154132,4600,2489
OTP,0,20140123,154133,4600,457
OTP,0,20140123,154133,4600,753
OTP,0,20140123,154143,4599,252
OTP,0,20140123,154153,4600,311
OTP,0,20140123,154204,4600,689
OTP,0,20140123,154204,4600,2000
OTP,0,20140123,154221,4599,248
OTP,0,20140123,154221,4596,800
OTP,0,20140123,154221,4595,372
OTP,0,20140123,154236,4597,50
OTP,0,20140123,154245,4600,800
OTP,0,20140123,154250,4600,400
OTP,0,20140123,154256,4600,519
OTP,0,20140123,154304,4600,400
OTP,0,20140123,154327,4600,1000
OTP,0,20140123,154343,4600,192
OTP,0,20140123,154350,4600,4100
OTP,0,20140123,154351,4600,900
OTP,0,20140123,154354,4600,888
OTP,0,20140123,154355,4600,800
OTP,0,20140123,154356,4600,1000
OTP,0,20140123,154412,4599,1000
OTP,0,20140123,154425,4600,100
OTP,0,20140123,154438,4599,1000
OTP,0,20140123,154516,4598,500
OTP,0,20140123,154516,4597,1500
OTP,0,20140123,154522,4599,200
OTP,0,20140123,154617,4598,500
OTP,0,20140123,154619,4599,500
OTP,0,20140123,154712,4599,100
OTP,0,20140123,154712,4600,400
OTP,0,20140123,154717,4597,121
OTP,0,20140123,154738,4597,900
OTP,0,20140123,154918,4596,150
OTP,0,20140123,154937,4597,79
OTP,0,20140123,154937,4597,100
OTP,0,20140123,154941,4598,400
OTP,0,20140123,155009,4597,321
OTP,0,20140123,155026,4596,400
OTP,0,20140123,155029,4596,1000
OTP,0,20140123,155040,4597,700
OTP,0,20140123,155040,4596,2677
OTP,0,20140123,155040,4595,3328
OTP,0,20140123,155046,4595,700
OTP,0,20140123,155049,4595,300
OTP,0,20140123,155050,4595,30
OTP,0,20140123,155057,4595,33
OTP,0,20140123,155117,4595,1000
OTP,0,20140123,155145,4597,200
OTP,0,20140123,155203,4597,600
OTP,0,20140123,155218,4597,400
OTP,0,20140123,155224,4595,100
OTP,0,20140123,155238,4595,500
OTP,0,20140123,155313,4597,14
OTP,0,20140123,155314,4597,586
OTP,0,20140123,155314,4595,1291
OTP,0,20140123,155317,4595,315
OTP,0,20140123,155320,4595,3556
OTP,0,20140123,155320,4592,750
OTP,0,20140123,155320,4591,50
OTP,0,20140123,155320,4591,50
OTP,0,20140123,155320,4592,694
OTP,0,20140123,155345,4595,685
OTP,0,20140123,155440,4595,100
OTP,0,20140123,155500,4595,50
OTP,0,20140123,155511,4595,150
OTP,0,20140123,155557,4595,1040
OTP,0,20140123,155628,4595,500
OTP,0,20140123,155640,4595,90
OTP,0,20140123,155645,4595,610
OTP,0,20140123,155854,4591,885
OTP,0,20140123,155919,4592,1519
OTP,0,20140123,155919,4591,321
OTP,0,20140123,155919,4590,1900
OTP,0,20140123,155919,4589,100
OTP,0,20140123,155923,4590,161
OTP,0,20140123,155923,4590,161
OTP,0,20140123,155923,4590,178
OTP,0,20140123,155928,4590,200
OTP,0,20140123,155936,4589,600
OTP,0,20140123,160017,4590,36
OTP,0,20140123,160032,4590,1000
OTP,0,20140123,160112,4590,32
OTP,0,20140123,160116,4587,231
OTP,0,20140123,160116,4587,200
OTP,0,20140123,160232,4587,19
OTP,0,20140123,160232,4586,10
OTP,0,20140123,160232,4585,171
OTP,0,20140123,160232,4585,50
OTP,0,20140123,160243,4585,406
OTP,0,20140123,160257,4582,600
OTP,0,20140123,160257,4581,1000
OTP,0,20140123,160257,4580,1355
OTP,0,20140123,160257,4580,350
OTP,0,20140123,160257,4580,595
OTP,0,20140123,160257,4575,405
OTP,0,20140123,160257,4575,107
OTP,0,20140123,160258,4575,253
OTP,0,20140123,160258,4577,100
OTP,0,20140123,160258,4585,100
OTP,0,20140123,160455,4587,50
OTP,0,20140123,160455,4590,850
OTP,0,20140123,160456,4590,1190
OTP,0,20140123,160457,4590,708
OTP,0,20140123,160509,4584,100
OTP,0,20140123,160509,4583,136
OTP,0,20140123,160509,4580,764
OTP,0,20140123,160516,4580,6755
OTP,0,20140123,160521,4580,5638
OTP,0,20140123,160533,4580,20
OTP,0,20140123,160535,4580,2977
OTP,0,20140123,160536,4580,20
OTP,0,20140123,160624,4582,250
OTP,0,20140123,160624,4581,674
OTP,0,20140123,160624,4580,3337
OTP,0,20140123,160624,4580,55
OTP,0,20140123,160625,4580,684
OTP,0,20140123,160642,4578,122
OTP,0,20140123,160642,4577,383
OTP,0,20140123,160705,4577,50
OTP,0,20140123,160709,4580,500
OTP,0,20140123,160742,4585,200
OTP,0,20140123,160824,4577,100
OTP,0,20140123,160927,4580,50
OTP,0,20140123,160945,4580,81
OTP,0,20140123,160958,4580,19
OTP,0,20140123,161044,4580,150
OTP,0,20140123,161106,4578,90
OTP,0,20140123,161106,4577,467
OTP,0,20140123,161106,4573,2000
OTP,0,20140123,161107,4580,1405
OTP,0,20140123,161130,4573,100
OTP,0,20140123,161201,4572,136
OTP,0,20140123,161201,4571,200
OTP,0,20140123,161201,4571,920
OTP,0,20140123,161201,4580,668
OTP,0,20140123,161204,4571,1052
OTP,0,20140123,161207,4571,2000
OTP,0,20140123,161234,4572,190
OTP,0,20140123,161249,4573,600
OTP,0,20140123,161310,4572,842
OTP,0,20140123,161326,4572,340
OTP,0,20140123,161328,4572,1000
OTP,0,20140123,161339,4572,50
OTP,0,20140123,161408,4575,600
OTP,0,20140123,161422,4575,526
OTP,0,20140123,161556,4580,700
OTP,0,20140123,161644,4580,74
OTP,0,20140123,161654,4584,200
OTP,0,20140123,161734,4584,3
OTP,0,20140123,161734,4585,1517
OTP,0,20140123,161734,4587,100
OTP,0,20140123,161734,4588,120
OTP,0,20140123,161734,4589,870
OTP,0,20140123,161734,4590,390
OTP,0,20140123,161735,4584,223
OTP,0,20140123,161735,4590,1101
OTP,0,20140123,161749,4581,429
OTP,0,20140123,161749,4580,1571
OTP,0,20140123,161753,4580,1000
OTP,0,20140123,161755,4584,223
OTP,0,20140123,161759,4584,200
OTP,0,20140123,161800,4584,23
OTP,0,20140123,161803,4584,224
OTP,0,20140123,161804,4581,400
OTP,0,20140123,161804,4580,100
OTP,0,20140123,161804,4584,224
OTP,0,20140123,161805,4584,2276
OTP,0,20140123,161805,4584,200
OTP,0,20140123,161806,4584,224
OTP,0,20140123,161806,4589,326
OTP,0,20140123,161806,4590,750
OTP,0,20140123,161809,4584,200
OTP,0,20140123,161809,4584,24
OTP,0,20140123,161810,4584,224
OTP,0,20140123,161811,4590,1694
OTP,0,20140123,161814,4584,224
OTP,0,20140123,161830,4584,224
OTP,0,20140123,161831,4584,224
OTP,0,20140123,161831,4584,224
OTP,0,20140123,161832,4584,328
OTP,0,20140123,161837,4584,224
OTP,0,20140123,161837,4584,224
OTP,0,20140123,161838,4584,1552
OTP,0,20140123,161839,4584,224
OTP,0,20140123,161839,4584,1144
OTP,0,20140123,161839,4581,1500
OTP,0,20140123,161843,4584,224
OTP,0,20140123,161843,4584,224
OTP,0,20140123,161843,4584,224
OTP,0,20140123,161844,4584,328
OTP,0,20140123,161853,4584,224
OTP,0,20140123,161854,4584,224
OTP,0,20140123,161854,4584,91
OTP,0,20140123,161912,4584,100
OTP,0,20140123,162021,4585,70
OTP,0,20140123,162107,4584,30
OTP,0,20140123,162109,4584,310
OTP,0,20140123,162122,4584,2000
OTP,0,20140123,162142,4584,391
OTP,0,20140123,162142,4583,109
OTP,0,20140123,162206,4584,257
OTP,0,20140123,162302,4584,100
OTP,0,20140123,162314,4585,224
OTP,0,20140123,162347,4589,395
OTP,0,20140123,162347,4590,24
OTP,0,20140123,162348,4590,3793
OTP,0,20140123,162349,4590,1494
OTP,0,20140123,162350,4590,728
OTP,0,20140123,162356,4594,100
OTP,0,20140123,162410,4586,83
OTP,0,20140123,162417,4590,682
OTP,0,20140123,162431,4590,1647
OTP,0,20140123,162516,4594,6
OTP,0,20140123,162521,4594,294
OTP,0,20140123,162521,4595,1792
OTP,0,20140123,162526,4595,200
OTP,0,20140123,162530,4596,36
OTP,0,20140123,162530,4597,800
OTP,0,20140123,162530,4598,164
OTP,0,20140123,162537,4596,1000
OTP,0,20140123,162538,4598,699
OTP,0,20140123,162539,4599,2744
OTP,0,20140123,162539,4599,1074
OTP,0,20140123,162549,4599,661
OTP,0,20140123,162606,4596,1532
OTP,0,20140123,162615,4599,500
OTP,0,20140123,162615,4600,567
OTP,0,20140123,162619,4600,1000
OTP,0,20140123,162631,4596,750
OTP,0,20140123,162704,4587,80
OTP,0,20140123,162705,4595,222
OTP,0,20140123,162713,4590,1600
OTP,0,20140123,162717,4587,420
OTP,0,20140123,162717,4586,7
OTP,0,20140123,162717,4585,143
OTP,0,20140123,162745,4585,1671
OTP,0,20140123,162853,4585,200
OTP,0,20140123,163013,4585,600
OTP,0,20140123,163021,4585,50
OTP,0,20140123,163144,4590,10
OTP,0,20140123,163147,4585,150
OTP,0,20140123,163153,4585,500
OTP,0,20140123,163158,4585,546
OTP,0,20140123,163222,4583,444
OTP,0,20140123,163236,4583,500
OTP,0,20140123,163238,4583,513
OTP,0,20140123,163253,4581,1000
OTP,0,20140123,163253,4581,878
OTP,0,20140123,163253,4580,122
OTP,0,20140123,163254,4581,1451
OTP,0,20140123,163257,4581,55
OTP,0,20140123,163257,4580,10
OTP,0,20140123,163303,4583,1000
OTP,0,20140123,163318,4580,238
OTP,0,20140123,163329,4579,223
OTP,0,20140123,163335,4579,40
OTP,0,20140123,163347,4577,104
OTP,0,20140123,163347,4576,600
OTP,0,20140123,163347,4575,156
OTP,0,20140123,163356,4575,1000
OTP,0,20140123,163356,4575,597
OTP,0,20140123,163357,4575,854
OTP,0,20140123,163422,4575,560
OTP,0,20140123,163428,4575,30
OTP,0,20140123,163441,4579,100
OTP,0,20140123,163444,4576,600
OTP,0,20140123,163520,4578,1000
OTP,0,20140123,163520,4579,4000
OTP,0,20140123,163611,4576,198
OTP,0,20140123,163626,4576,1042
OTP,0,20140123,163626,4575,1334
OTP,0,20140123,163626,4575,787
OTP,0,20140123,163629,4576,207
OTP,0,20140123,163629,4571,91
OTP,0,20140123,163658,4578,1000
OTP,0,20140123,163702,4575,2902
OTP,0,20140123,163734,4578,3000
OTP,0,20140123,163734,4578,242
OTP,0,20140123,163840,4579,2160
OTP,0,20140123,163840,4580,2340
OTP,0,20140123,163841,4580,2022
OTP,0,20140123,163918,4576,100
OTP,0,20140123,163922,4579,262
OTP,0,20140123,163925,4580,500
OTP,0,20140123,163933,4579,500
OTP,0,20140123,163957,4579,20
OTP,0,20140123,164210,4580,400
OTP,0,20140123,164305,4584,100
OTP,0,20140123,164317,4584,1400
OTP,0,20140123,164318,4585,1094
OTP,0,20140123,164336,4584,800
OTP,0,20140123,164336,4584,200
OTP,0,20140123,164336,4585,150
OTP,0,20140123,164436,4580,9
OTP,0,20140123,164436,4579,18
OTP,0,20140123,164436,4576,600
OTP,0,20140123,164436,4575,373
OTP,0,20140123,164443,4584,1000
OTP,0,20140123,164606,4580,124
OTP,0,20140123,164608,4584,1092
OTP,0,20140123,164706,4583,45000
OTP,0,20140123,164707,4584,1408
OTP,0,20140123,164708,4585,1306
OTP,0,20140123,164847,4583,603
OTP,0,20140123,164916,4580,80
OTP,0,20140123,164923,4583,50
OTP,0,20140123,165001,4580,42
OTP,0,20140123,165001,4580,78
OTP,0,20140123,165001,4578,522
OTP,0,20140123,165105,4578,78
OTP,0,20140123,165105,4577,372
OTP,0,20140123,165112,4583,200
OTP,0,20140123,165141,4577,128
OTP,0,20140123,165228,4580,50
OTP,0,20140123,165241,4580,100
OTP,0,20140123,165300,4580,250
OTP,0,20140123,165301,4580,750
OTP,0,20140123,165303,4576,3000
OTP,0,20140123,165303,4582,200
OTP,0,20140123,165335,4577,27
OTP,0,20140123,165411,4577,72
OTP,0,20140123,165414,4577,116
OTP,0,20140123,165415,4580,2025
OTP,0,20140123,165415,4580,3253
OTP,0,20140123,165431,4578,150
OTP,0,20140123,165446,4580,2620
OTP,0,20140123,165446,4580,548
OTP,0,20140123,165446,4580,1832
OTP,0,20140123,165447,4582,1800
OTP,0,20140123,165449,4580,1000
OTP,0,20140123,165450,4583,2147
OTP,0,20140123,165452,4584,1207
OTP,0,20140123,165502,4583,1500
OTP,0,20140123,165505,4580,100
OTP,0,20140123,165512,4584,20
OTP,0,20140123,165512,4584,10
OTP,0,20140123,165513,4584,263
OTP,0,20140123,165513,4585,37
OTP,0,20140123,165514,4585,963
OTP,0,20140123,165522,4580,50
OTP,0,20140123,165533,4587,377
OTP,0,20140123,165543,4581,1000
OTP,0,20140123,165543,4580,5349
OTP,0,20140123,165543,4580,704
OTP,0,20140123,165544,4580,749
OTP,0,20140123,165544,4580,2198
OTP,0,20140123,165625,4580,100
OTP,0,20140123,165704,4581,500
OTP,0,20140123,165704,4580,5012
OTP,0,20140123,165705,4580,1922
OTP,0,20140123,165717,4579,983
OTP,0,20140123,165724,4579,500
OTP,0,20140123,165727,4577,6
OTP,0,20140123,165727,4576,500
OTP,0,20140123,165727,4575,5344
OTP,0,20140123,165743,4579,2144
OTP,0,20140123,165813,4576,100
OTP,0,20140123,165813,4575,2466
OTP,0,20140123,165814,4579,1373
OTP,0,20140123,165821,4576,191
OTP,0,20140123,165827,4580,9
OTP,0,20140123,165829,4576,1000
OTP,0,20140123,165830,4580,1791
OTP,0,20140123,165850,4580,300
OTP,0,20140123,165855,4580,196
OTP,0,20140123,165855,4580,654
OTP,0,20140123,165931,4577,200
OTP,0,20140123,165936,4577,2167
OTP,0,20140123,165936,4576,833
OTP,0,20140123,165936,4581,923
OTP,0,20140123,165948,4580,1823
OTP,0,20140123,165954,4580,77
OTP,0,20140123,165955,4580,13
OTP,0,20140123,165955,4580,1049
OTP,0,20140123,165955,4580,4
OTP,0,20140123,165955,4580,534
OTP,0,20140123,165956,4583,419
OTP,0,20140123,165957,4583,132
OTP,0,20140123,165957,4583,149
OTP,0,20140123,170515,4580,129536
