<TICKER>,<PER>,<DTYYYYMMDD>,<TIME>,<CLOSE>,<VOLUME>
OTP,0,20140129,090005,4300,15480
OTP,0,20140129,090206,4319,10
OTP,0,20140129,090211,4319,1941
OTP,0,20140129,090211,4320,1000
OTP,0,20140129,090211,4320,50
OTP,0,20140129,090211,4320,9
OTP,0,20140129,090223,4319,700
OTP,0,20140129,090227,4319,255
OTP,0,20140129,090231,4324,562
OTP,0,20140129,090235,4324,14
OTP,0,20140129,090237,4324,60
OTP,0,20140129,090242,4320,500
OTP,0,20140129,090246,4324,561
OTP,0,20140129,090250,4324,150
OTP,0,20140129,090253,4324,452
OTP,0,20140129,090255,4320,500
OTP,0,20140129,090302,4315,1
OTP,0,20140129,090317,4320,822
OTP,0,20140129,090317,4322,678
OTP,0,20140129,090320,4322,22
OTP,0,20140129,090320,4323,273
OTP,0,20140129,090320,4324,423
OTP,0,20140129,090324,4324,702
OTP,0,20140129,090324,4327,150
OTP,0,20140129,090324,4328,123
OTP,0,20140129,090324,4329,1227
OTP,0,20140129,090325,4329,213
OTP,0,20140129,090325,4330,1287
OTP,0,20140129,090326,4324,772
OTP,0,20140129,090326,4330,6728
OTP,0,20140129,090328,4322,772
OTP,0,20140129,090328,4324,728
OTP,0,20140129,090328,4324,44
OTP,0,20140129,090328,4330,1456
OTP,0,20140129,090329,4320,200
OTP,0,20140129,090330,4330,781
OTP,0,20140129,090337,4330,2248
OTP,0,20140129,090337,4330,772
OTP,0,20140129,090341,4332,20
OTP,0,20140129,090341,4333,350
OTP,0,20140129,090341,4334,490
OTP,0,20140129,090343,4330,1500
OTP,0,20140129,090344,4335,25
OTP,0,20140129,090345,4330,1500
OTP,0,20140129,090346,4338,463
OTP,0,20140129,090346,4338,19
OTP,0,20140129,090352,4330,1000
OTP,0,20140129,090357,4335,1886
OTP,0,20140129,090358,4330,700
OTP,0,20140129,090358,4335,304
OTP,0,20140129,090358,4339,23
OTP,0,20140129,090358,4340,173
OTP,0,20140129,090406,4339,699
OTP,0,20140129,090412,4330,50
OTP,0,20140129,090417,4339,200
OTP,0,20140129,090417,4339,729
OTP,0,20140129,090423,4339,1094
OTP,0,20140129,090423,4340,467
OTP,0,20140129,090425,4340,100
OTP,0,20140129,090426,4340,1000
OTP,0,20140129,090428,4342,20
OTP,0,20140129,090428,4344,629
OTP,0,20140129,090429,4340,510
OTP,0,20140129,090432,4340,200
OTP,0,20140129,090434,4339,26
OTP,0,20140129,090457,4335,150
OTP,0,20140129,090505,4338,500
OTP,0,20140129,090508,4335,1500
OTP,0,20140129,090508,4338,200
OTP,0,20140129,090512,4338,734
OTP,0,20140129,090516,4338,90
OTP,0,20140129,090516,4339,281
OTP,0,20140129,090523,4337,500
OTP,0,20140129,090523,4339,195
OTP,0,20140129,090534,4335,850
OTP,0,20140129,090534,4332,30
OTP,0,20140129,090534,4331,2500
OTP,0,20140129,090534,4330,2568
OTP,0,20140129,090536,4337,698
OTP,0,20140129,090537,4330,1000
OTP,0,20140129,090538,4337,74
OTP,0,20140129,090538,4338,492
OTP,0,20140129,090540,4330,250
OTP,0,20140129,090540,4337,528
OTP,0,20140129,090540,4338,172
OTP,0,20140129,090541,4338,128
OTP,0,20140129,090541,4339,1456
OTP,0,20140129,090545,4330,750
OTP,0,20140129,090548,4330,750
OTP,0,20140129,090549,4338,1099
OTP,0,20140129,090549,4339,1479
OTP,0,20140129,090552,4335,400
OTP,0,20140129,090552,4330,2678
OTP,0,20140129,090600,4338,500
OTP,0,20140129,090600,4339,263
OTP,0,20140129,090600,4340,347
OTP,0,20140129,090603,4340,1000
OTP,0,20140129,090608,4340,1000
OTP,0,20140129,090610,4330,1845
OTP,0,20140129,090610,4340,43
OTP,0,20140129,090610,4341,100
OTP,0,20140129,090612,4344,678
OTP,0,20140129,090623,4340,192
OTP,0,20140129,090623,4343,300
OTP,0,20140129,090623,4344,351
OTP,0,20140129,090626,4344,971
OTP,0,20140129,090626,4345,69
OTP,0,20140129,090626,4332,300
OTP,0,20140129,090626,4331,2100
OTP,0,20140129,090626,4330,437
OTP,0,20140129,090646,4333,1000
OTP,0,20140129,090722,4335,950
OTP,0,20140129,090723,4336,50
OTP,0,20140129,090723,4340,400
OTP,0,20140129,090734,4342,90
OTP,0,20140129,090734,4343,162
OTP,0,20140129,090804,4343,343
OTP,0,20140129,090804,4344,157
OTP,0,20140129,090806,4344,1000
OTP,0,20140129,090806,4340,50
OTP,0,20140129,090808,4344,393
OTP,0,20140129,090808,4345,3914
OTP,0,20140129,090809,4347,706
OTP,0,20140129,090816,4347,1500
OTP,0,20140129,090819,4347,781
OTP,0,20140129,090820,4347,453
OTP,0,20140129,090820,4348,1047
OTP,0,20140129,090824,4348,1500
OTP,0,20140129,090826,4347,300
OTP,0,20140129,090826,4348,2903
OTP,0,20140129,090826,4349,1797
OTP,0,20140129,090829,4349,403
OTP,0,20140129,090829,4350,1097
OTP,0,20140129,090829,4350,3353
OTP,0,20140129,090831,4352,20
OTP,0,20140129,090831,4354,500
OTP,0,20140129,090833,4355,150
OTP,0,20140129,090834,4350,1650
OTP,0,20140129,090835,4359,517
OTP,0,20140129,090835,4360,155
OTP,0,20140129,090835,4360,11
OTP,0,20140129,090845,4350,2852
OTP,0,20140129,090848,4345,1000
OTP,0,20140129,090853,4345,2000
OTP,0,20140129,090853,4350,7148
OTP,0,20140129,090856,4357,1500
OTP,0,20140129,090857,4350,852
OTP,0,20140129,090858,4360,680
OTP,0,20140129,090908,4355,742
OTP,0,20140129,090909,4355,1500
OTP,0,20140129,090909,4355,758
OTP,0,20140129,090909,4359,742
OTP,0,20140129,090919,4358,1100
OTP,0,20140129,090919,4359,42
OTP,0,20140129,090925,4359,100
OTP,0,20140129,091021,4357,174
OTP,0,20140129,091025,4358,1010
OTP,0,20140129,091028,4359,1287
OTP,0,20140129,091035,4351,200
OTP,0,20140129,091044,4359,924
OTP,0,20140129,091047,4351,1000
OTP,0,20140129,091059,4356,15
OTP,0,20140129,091116,4359,25
OTP,0,20140129,091120,4360,100
OTP,0,20140129,091142,4352,1500
OTP,0,20140129,091143,4356,1251
OTP,0,20140129,091159,4352,150
OTP,0,20140129,091218,4352,178
OTP,0,20140129,091248,4352,1100
OTP,0,20140129,091255,4354,382
OTP,0,20140129,091255,4355,175
OTP,0,20140129,091258,4352,231
OTP,0,20140129,091305,4355,449
OTP,0,20140129,091316,4352,200
OTP,0,20140129,091321,4352,200
OTP,0,20140129,091326,4355,341
OTP,0,20140129,091334,4352,15
OTP,0,20140129,091434,4352,100
OTP,0,20140129,091441,4352,100
OTP,0,20140129,091449,4354,194
OTP,0,20140129,091452,4355,245
OTP,0,20140129,091453,4355,645
OTP,0,20140129,091454,4356,200
OTP,0,20140129,091458,4356,50
OTP,0,20140129,091458,4357,550
OTP,0,20140129,091458,4358,66
OTP,0,20140129,091546,4355,20
OTP,0,20140129,091605,4355,7
OTP,0,20140129,091617,4355,5
OTP,0,20140129,091624,4355,995
OTP,0,20140129,091624,4352,1005
OTP,0,20140129,091630,4358,144
OTP,0,20140129,091630,4359,250
OTP,0,20140129,091630,4360,336
OTP,0,20140129,091647,4360,1533
OTP,0,20140129,091650,4361,86
OTP,0,20140129,091650,4362,20
OTP,0,20140129,091653,4364,110
OTP,0,20140129,091653,4365,554
OTP,0,20140129,091704,4365,678
OTP,0,20140129,091730,4361,25
OTP,0,20140129,091747,4364,110
OTP,0,20140129,091747,4365,3268
OTP,0,20140129,091748,4367,610
OTP,0,20140129,091748,4368,3390
OTP,0,20140129,091749,4368,680
OTP,0,20140129,091750,4361,400
OTP,0,20140129,091750,4368,492
OTP,0,20140129,091801,4368,696
OTP,0,20140129,091807,4367,10
OTP,0,20140129,091812,4367,728
OTP,0,20140129,091823,4367,722
OTP,0,20140129,091829,4367,540
OTP,0,20140129,091832,4367,1000
OTP,0,20140129,091833,4368,195
OTP,0,20140129,091835,4361,10
OTP,0,20140129,091844,4367,500
OTP,0,20140129,091844,4368,247
OTP,0,20140129,091844,4369,58
OTP,0,20140129,091853,4368,20
OTP,0,20140129,091937,4361,125
OTP,0,20140129,091939,4366,100
OTP,0,20140129,091939,4367,12
OTP,0,20140129,091939,4368,190
OTP,0,20140129,092006,4366,100
OTP,0,20140129,092006,4367,200
OTP,0,20140129,092006,4368,100
OTP,0,20140129,092010,4368,786
OTP,0,20140129,092020,4364,28
OTP,0,20140129,092026,4362,1500
OTP,0,20140129,092028,4365,50
OTP,0,20140129,092028,4367,550
OTP,0,20140129,092028,4368,1464
OTP,0,20140129,092028,4369,1909
OTP,0,20140129,092028,4370,6027
OTP,0,20140129,092034,4370,2023
OTP,0,20140129,092037,4368,40
OTP,0,20140129,092046,4370,15
OTP,0,20140129,092053,4371,250
OTP,0,20140129,092102,4372,20
OTP,0,20140129,092102,4373,1480
OTP,0,20140129,092106,4371,14
OTP,0,20140129,092123,4371,100
OTP,0,20140129,092214,4371,800
OTP,0,20140129,092221,4372,365
OTP,0,20140129,092222,4371,736
OTP,0,20140129,092222,4370,264
OTP,0,20140129,092226,4370,1381
OTP,0,20140129,092237,4368,1500
OTP,0,20140129,092242,4368,100
OTP,0,20140129,092245,4365,1
OTP,0,20140129,092302,4367,1000
OTP,0,20140129,092320,4365,150
OTP,0,20140129,092329,4365,1200
OTP,0,20140129,092339,4365,40
OTP,0,20140129,092355,4365,110
OTP,0,20140129,092446,4365,40
OTP,0,20140129,092452,4365,22
OTP,0,20140129,092455,4366,30
OTP,0,20140129,092455,4367,10
OTP,0,20140129,092455,4368,78
OTP,0,20140129,092504,4365,222
OTP,0,20140129,092509,4367,50
OTP,0,20140129,092509,4368,178
OTP,0,20140129,092512,4365,20
OTP,0,20140129,092546,4368,40
OTP,0,20140129,092559,4368,125
OTP,0,20140129,092603,4365,23
OTP,0,20140129,092606,4368,100
OTP,0,20140129,092606,4368,1047
OTP,0,20140129,092606,4369,600
OTP,0,20140129,092606,4370,3119
OTP,0,20140129,092606,4372,50
OTP,0,20140129,092606,4373,849
OTP,0,20140129,092606,4374,617
OTP,0,20140129,092606,4375,4834
OTP,0,20140129,092606,4379,3025
OTP,0,20140129,092606,4380,6535
OTP,0,20140129,092610,4382,220
OTP,0,20140129,092612,4385,776
OTP,0,20140129,092613,4380,50
OTP,0,20140129,092613,4380,175
OTP,0,20140129,092619,4370,950
OTP,0,20140129,092619,4368,50
OTP,0,20140129,092623,4380,1575
OTP,0,20140129,092623,4368,450
OTP,0,20140129,092625,4380,1000
OTP,0,20140129,092627,4365,563
OTP,0,20140129,092632,4370,516
OTP,0,20140129,092634,4380,625
OTP,0,20140129,092635,4385,277
OTP,0,20140129,092635,4386,62
OTP,0,20140129,092635,4387,30
OTP,0,20140129,092637,4388,689
OTP,0,20140129,092649,4385,2922
OTP,0,20140129,092659,4382,35
OTP,0,20140129,092659,4384,1150
OTP,0,20140129,092700,4383,200
OTP,0,20140129,092700,4385,968
OTP,0,20140129,092710,4385,338
OTP,0,20140129,092724,4380,1500
OTP,0,20140129,092741,4380,15
OTP,0,20140129,092748,4380,1500
OTP,0,20140129,092801,4380,985
OTP,0,20140129,092803,4380,1500
OTP,0,20140129,092809,4380,14
OTP,0,20140129,092809,4380,1500
OTP,0,20140129,092822,4380,1
OTP,0,20140129,092832,4381,15
OTP,0,20140129,092841,4381,2485
OTP,0,20140129,092841,4380,1618
OTP,0,20140129,092903,4384,2000
OTP,0,20140129,092908,4384,1500
OTP,0,20140129,092911,4384,1500
OTP,0,20140129,092922,4383,100
OTP,0,20140129,092929,4381,2500
OTP,0,20140129,092929,4380,500
OTP,0,20140129,092934,4383,55
OTP,0,20140129,092944,4380,2750
OTP,0,20140129,092958,4380,393
OTP,0,20140129,093004,4380,1500
OTP,0,20140129,093005,4380,1107
OTP,0,20140129,093011,4375,200
OTP,0,20140129,093041,4380,493
OTP,0,20140129,093052,4380,20
OTP,0,20140129,093107,4380,20
OTP,0,20140129,093117,4380,1000
OTP,0,20140129,093134,4380,50
OTP,0,20140129,093203,4381,250
OTP,0,20140129,093222,4381,297
OTP,0,20140129,093223,4381,15
OTP,0,20140129,093226,4382,45
OTP,0,20140129,093226,4381,200
OTP,0,20140129,093250,4381,100
OTP,0,20140129,093310,4381,2000
OTP,0,20140129,093316,4381,138
OTP,0,20140129,093316,4380,1862
OTP,0,20140129,093321,4382,300
OTP,0,20140129,093326,4380,564
OTP,0,20140129,093332,4375,60
OTP,0,20140129,093334,4380,840
OTP,0,20140129,093355,4380,146
OTP,0,20140129,093355,4381,315
OTP,0,20140129,093355,4382,119
OTP,0,20140129,093409,4375,40
OTP,0,20140129,093455,4375,900
OTP,0,20140129,093458,4375,709
OTP,0,20140129,093459,4375,791
OTP,0,20140129,093507,4375,15
OTP,0,20140129,093515,4375,250
OTP,0,20140129,093523,4374,21
OTP,0,20140129,093523,4374,979
OTP,0,20140129,093523,4372,21
OTP,0,20140129,093548,4374,20
OTP,0,20140129,093548,4375,480
OTP,0,20140129,093549,4370,500
OTP,0,20140129,093549,4370,900
OTP,0,20140129,093613,4370,800
OTP,0,20140129,093613,4370,50
OTP,0,20140129,093614,4373,100
OTP,0,20140129,093614,4374,730
OTP,0,20140129,093620,4370,168
OTP,0,20140129,093648,4364,70
OTP,0,20140129,093648,4363,200
OTP,0,20140129,093648,4362,450
OTP,0,20140129,093648,4361,280
OTP,0,20140129,093648,4361,450
OTP,0,20140129,093648,4360,475
OTP,0,20140129,093657,4360,325
OTP,0,20140129,093659,4360,400
OTP,0,20140129,093706,4360,50
OTP,0,20140129,093706,4360,57
OTP,0,20140129,093709,4360,50
OTP,0,20140129,093709,4357,50
OTP,0,20140129,093714,4357,165
OTP,0,20140129,093714,4356,835
OTP,0,20140129,093715,4356,165
OTP,0,20140129,093715,4355,135
OTP,0,20140129,093715,4355,400
OTP,0,20140129,093828,4365,100
OTP,0,20140129,093844,4365,100
OTP,0,20140129,093848,4365,242
OTP,0,20140129,094023,4369,22
OTP,0,20140129,094121,4366,51
OTP,0,20140129,094121,4369,100
OTP,0,20140129,094121,4370,49
OTP,0,20140129,094142,4370,17
OTP,0,20140129,094210,4370,1500
OTP,0,20140129,094702,4364,278
OTP,0,20140129,094702,4365,62
OTP,0,20140129,094707,4365,46
OTP,0,20140129,094732,4361,50
OTP,0,20140129,094814,4360,200
OTP,0,20140129,094814,4363,20
OTP,0,20140129,094814,4364,230
OTP,0,20140129,094833,4360,192
OTP,0,20140129,094842,4360,100
OTP,0,20140129,094954,4363,63
OTP,0,20140129,095110,4360,92
OTP,0,20140129,095136,4360,270
OTP,0,20140129,095141,4363,137
OTP,0,20140129,095141,4364,1770
OTP,0,20140129,095141,4365,1733
OTP,0,20140129,095516,4360,216
OTP,0,20140129,095630,4356,68
OTP,0,20140129,095632,4356,332
OTP,0,20140129,095632,4355,1668
OTP,0,20140129,095650,4357,200
OTP,0,20140129,095718,4355,200
OTP,0,20140129,095747,4355,50
OTP,0,20140129,095856,4356,588
OTP,0,20140129,095903,4357,178
OTP,0,20140129,095903,4355,822
OTP,0,20140129,095906,4360,200
OTP,0,20140129,095908,4363,150
OTP,0,20140129,095908,4365,267
OTP,0,20140129,095910,4369,762
OTP,0,20140129,095945,4368,395
OTP,0,20140129,100003,4356,450
OTP,0,20140129,100003,4355,23
OTP,0,20140129,100052,4368,50
OTP,0,20140129,100052,4369,251
OTP,0,20140129,100052,4370,253
OTP,0,20140129,100245,4360,200
OTP,0,20140129,100252,4357,70
OTP,0,20140129,100319,4357,1024
OTP,0,20140129,100323,4369,31
OTP,0,20140129,100323,4370,661
OTP,0,20140129,100415,4358,50
OTP,0,20140129,100449,4368,400
OTP,0,20140129,100449,4369,296
OTP,0,20140129,100516,4365,650
OTP,0,20140129,100618,4358,703
OTP,0,20140129,100622,4356,497
OTP,0,20140129,100624,4365,929
OTP,0,20140129,100626,4365,1087
OTP,0,20140129,100627,4355,428
OTP,0,20140129,100749,4355,100
OTP,0,20140129,100818,4355,500
OTP,0,20140129,100914,4355,342
OTP,0,20140129,100914,4354,25
OTP,0,20140129,100914,4353,133
OTP,0,20140129,100937,4353,67
OTP,0,20140129,100937,4351,100
OTP,0,20140129,100937,4350,333
OTP,0,20140129,100938,4350,12
OTP,0,20140129,100944,4350,2413
OTP,0,20140129,100945,4350,240
OTP,0,20140129,101020,4350,196
OTP,0,20140129,101020,4346,31
OTP,0,20140129,101020,4345,773
OTP,0,20140129,101020,4345,140
OTP,0,20140129,101053,4345,187
OTP,0,20140129,101053,4343,268
OTP,0,20140129,101053,4342,545
OTP,0,20140129,101103,4342,125
OTP,0,20140129,101130,4341,46
OTP,0,20140129,101131,4341,400
OTP,0,20140129,101207,4345,571
OTP,0,20140129,101216,4342,100
OTP,0,20140129,101219,4345,400
OTP,0,20140129,101229,4342,120
OTP,0,20140129,101242,4342,375
OTP,0,20140129,101242,4341,664
OTP,0,20140129,101242,4340,1336
OTP,0,20140129,101242,4340,365
OTP,0,20140129,101302,4340,99
OTP,0,20140129,101307,4339,576
OTP,0,20140129,101307,4338,424
OTP,0,20140129,101322,4338,33
OTP,0,20140129,101329,4339,50
OTP,0,20140129,101329,4338,1543
OTP,0,20140129,101347,4337,50
OTP,0,20140129,101357,4337,100
OTP,0,20140129,101402,4337,27
OTP,0,20140129,101402,4337,333
OTP,0,20140129,101402,4335,667
OTP,0,20140129,101419,4335,155
OTP,0,20140129,101434,4338,50
OTP,0,20140129,101436,4335,50
OTP,0,20140129,101514,4335,120
OTP,0,20140129,101521,4335,88
OTP,0,20140129,101524,4333,945
OTP,0,20140129,101528,4331,15
OTP,0,20140129,101530,4330,1451
OTP,0,20140129,101531,4329,500
OTP,0,20140129,101531,4326,44
OTP,0,20140129,101535,4326,444
OTP,0,20140129,101535,4330,203
OTP,0,20140129,101539,4326,2212
OTP,0,20140129,101539,4325,1010
OTP,0,20140129,101539,4321,30
OTP,0,20140129,101541,4321,953
OTP,0,20140129,101542,4325,21
OTP,0,20140129,101545,4321,567
OTP,0,20140129,101545,4320,1855
OTP,0,20140129,101548,4318,1100
OTP,0,20140129,101548,4317,1500
OTP,0,20140129,101552,4320,200
OTP,0,20140129,101556,4315,150
OTP,0,20140129,101556,4314,300
OTP,0,20140129,101556,4313,124
OTP,0,20140129,101556,4312,1426
OTP,0,20140129,101602,4318,50
OTP,0,20140129,101602,4313,100
OTP,0,20140129,101602,4312,4850
OTP,0,20140129,101608,4318,3000
OTP,0,20140129,101612,4315,289
OTP,0,20140129,101614,4315,211
OTP,0,20140129,101627,4313,100
OTP,0,20140129,101627,4312,400
OTP,0,20140129,101629,4312,124
OTP,0,20140129,101632,4315,1651
OTP,0,20140129,101632,4317,1349
OTP,0,20140129,101735,4312,2000
OTP,0,20140129,101739,4312,50
OTP,0,20140129,101741,4312,743
OTP,0,20140129,101743,4311,112
OTP,0,20140129,101743,4310,1085
OTP,0,20140129,101744,4310,608
OTP,0,20140129,101746,4309,242
OTP,0,20140129,101746,4306,758
OTP,0,20140129,101746,4306,113
OTP,0,20140129,101748,4310,200
OTP,0,20140129,101749,4310,195
OTP,0,20140129,101751,4310,1208
OTP,0,20140129,101752,4310,792
OTP,0,20140129,101831,4314,2000
OTP,0,20140129,101832,4314,99
OTP,0,20140129,101855,4314,500
OTP,0,20140129,101902,4314,401
OTP,0,20140129,101916,4315,200
OTP,0,20140129,101920,4315,2000
OTP,0,20140129,101926,4311,500
OTP,0,20140129,101926,4311,150
OTP,0,20140129,101930,4315,2000
OTP,0,20140129,102010,4319,73
OTP,0,20140129,102013,4319,1177
OTP,0,20140129,102038,4318,10
OTP,0,20140129,102043,4317,500
OTP,0,20140129,102044,4316,100
OTP,0,20140129,102045,4315,1250
OTP,0,20140129,102046,4315,200
OTP,0,20140129,102142,4314,45
OTP,0,20140129,102155,4314,500
OTP,0,20140129,102206,4314,200
OTP,0,20140129,102220,4314,525
OTP,0,20140129,102310,4314,1252
OTP,0,20140129,102310,4315,2000
OTP,0,20140129,102311,4315,1053
OTP,0,20140129,102311,4315,1549
OTP,0,20140129,102315,4315,290
OTP,0,20140129,102404,4320,8259
OTP,0,20140129,102407,4320,4849
OTP,0,20140129,102412,4320,1525
OTP,0,20140129,102415,4320,300
OTP,0,20140129,102415,4320,475
OTP,0,20140129,102417,4320,1000
OTP,0,20140129,102421,4320,3856
OTP,0,20140129,102425,4320,200
OTP,0,20140129,102428,4317,100
OTP,0,20140129,102430,4317,436
OTP,0,20140129,102430,4320,816
OTP,0,20140129,102433,4317,200
OTP,0,20140129,102436,4317,1000
OTP,0,20140129,102438,4317,584
OTP,0,20140129,102439,4317,4416
OTP,0,20140129,102444,4317,436
OTP,0,20140129,102444,4316,800
OTP,0,20140129,102448,4316,284
OTP,0,20140129,102451,4316,3916
OTP,0,20140129,102452,4316,746
OTP,0,20140129,102459,4316,1500
OTP,0,20140129,102500,4316,1500
OTP,0,20140129,102501,4317,400
OTP,0,20140129,102503,4316,1000
OTP,0,20140129,102504,4317,261
OTP,0,20140129,102505,4317,40
OTP,0,20140129,102510,4317,396
OTP,0,20140129,102511,4317,104
OTP,0,20140129,102514,4317,768
OTP,0,20140129,102517,4317,436
OTP,0,20140129,102530,4317,436
OTP,0,20140129,102530,4319,72
OTP,0,20140129,102530,4317,436
OTP,0,20140129,102530,4317,164
OTP,0,20140129,102532,4317,272
OTP,0,20140129,102532,4318,100
OTP,0,20140129,102532,4317,268
OTP,0,20140129,102532,4317,436
OTP,0,20140129,102536,4317,436
OTP,0,20140129,102539,4316,1338
OTP,0,20140129,102539,4316,500
OTP,0,20140129,102540,4316,200
OTP,0,20140129,102548,4316,200
OTP,0,20140129,102549,4316,24
OTP,0,20140129,102600,4317,872
OTP,0,20140129,102629,4317,100
OTP,0,20140129,102638,4317,50
OTP,0,20140129,102648,4317,10
OTP,0,20140129,102717,4317,25
OTP,0,20140129,102738,4317,24
OTP,0,20140129,102738,4317,200
OTP,0,20140129,102743,4317,467
OTP,0,20140129,102744,4317,438
OTP,0,20140129,102744,4317,95
OTP,0,20140129,102750,4317,20
OTP,0,20140129,102809,4317,323
OTP,0,20140129,102810,4317,367
OTP,0,20140129,102810,4317,51
OTP,0,20140129,102814,4317,316
OTP,0,20140129,102814,4317,367
OTP,0,20140129,102814,4317,287
OTP,0,20140129,102832,4319,28
OTP,0,20140129,102832,4320,72
OTP,0,20140129,102834,4320,1928
OTP,0,20140129,102840,4325,5000
OTP,0,20140129,102918,4325,200
OTP,0,20140129,102931,4325,100
OTP,0,20140129,102939,4325,500
OTP,0,20140129,102948,4325,1500
OTP,0,20140129,102949,4325,1500
OTP,0,20140129,102954,4325,15
OTP,0,20140129,102957,4325,100
OTP,0,20140129,103025,4325,1000
OTP,0,20140129,103032,4325,2000
OTP,0,20140129,103040,4322,23
OTP,0,20140129,103040,4321,1477
OTP,0,20140129,103041,4320,1500
OTP,0,20140129,103042,4320,1616
OTP,0,20140129,103042,4324,2000
OTP,0,20140129,103044,4324,50
OTP,0,20140129,103049,4320,2000
OTP,0,20140129,103050,4320,1004
OTP,0,20140129,103105,4318,24
OTP,0,20140129,103121,4319,777
OTP,0,20140129,103121,4320,223
OTP,0,20140129,103136,4318,76
OTP,0,20140129,103136,4317,174
OTP,0,20140129,103158,4320,500
OTP,0,20140129,103218,4319,50
OTP,0,20140129,103346,4319,29
OTP,0,20140129,103407,4318,50
OTP,0,20140129,103419,4319,171
OTP,0,20140129,103419,4320,329
OTP,0,20140129,103633,4320,100
OTP,0,20140129,103656,4318,250
OTP,0,20140129,103656,4317,250
OTP,0,20140129,103702,4317,200
OTP,0,20140129,103705,4317,1000
OTP,0,20140129,103718,4317,100
OTP,0,20140129,103731,4317,422
OTP,0,20140129,103748,4317,78
OTP,0,20140129,103818,4317,200
OTP,0,20140129,103829,4317,250
OTP,0,20140129,103833,4318,500
OTP,0,20140129,103848,4317,300
OTP,0,20140129,103849,4317,600
OTP,0,20140129,103851,4317,851
OTP,0,20140129,103925,4317,1000
OTP,0,20140129,103953,4318,1984
OTP,0,20140129,104007,4320,1000
OTP,0,20140129,104008,4320,1967
OTP,0,20140129,104008,4320,500
OTP,0,20140129,104009,4320,2586
OTP,0,20140129,104009,4321,134
OTP,0,20140129,104010,4324,1548
OTP,0,20140129,104038,4325,2000
OTP,0,20140129,104040,4320,4500
OTP,0,20140129,104041,4327,100
OTP,0,20140129,104041,4320,1346
OTP,0,20140129,104042,4327,3500
OTP,0,20140129,104048,4320,542
OTP,0,20140129,104201,4321,5
OTP,0,20140129,104202,4321,1000
OTP,0,20140129,104226,4325,1000
OTP,0,20140129,104226,4325,2398
OTP,0,20140129,104230,4325,231
OTP,0,20140129,104234,4322,30
OTP,0,20140129,104249,4325,445
OTP,0,20140129,104258,4325,330
OTP,0,20140129,104306,4325,2750
OTP,0,20140129,104307,4325,562
OTP,0,20140129,104320,4325,231
OTP,0,20140129,104330,4325,502
OTP,0,20140129,104352,4328,1000
OTP,0,20140129,104356,4328,1000
OTP,0,20140129,104356,4328,1550
OTP,0,20140129,104404,4330,1546
OTP,0,20140129,104412,4330,598
OTP,0,20140129,104425,4330,1000
OTP,0,20140129,104531,4338,8
OTP,0,20140129,104556,4338,26
OTP,0,20140129,104611,4334,402
OTP,0,20140129,104614,4334,98
OTP,0,20140129,104627,4338,27
OTP,0,20140129,104639,4341,74
OTP,0,20140129,104639,4342,181
OTP,0,20140129,104657,4342,1944
OTP,0,20140129,104659,4345,33
OTP,0,20140129,104700,4346,50
OTP,0,20140129,104701,4347,734
OTP,0,20140129,104701,4347,30
OTP,0,20140129,104701,4347,36
OTP,0,20140129,104702,4348,130
OTP,0,20140129,104703,4346,50
OTP,0,20140129,104703,4349,2043
OTP,0,20140129,104707,4350,920
OTP,0,20140129,104711,4350,915
OTP,0,20140129,104712,4350,2850
OTP,0,20140129,104723,4350,1142
OTP,0,20140129,104734,4350,1723
OTP,0,20140129,104735,4360,106
OTP,0,20140129,104938,4345,350
OTP,0,20140129,104942,4344,310
OTP,0,20140129,104948,4342,56
OTP,0,20140129,104948,4340,295
OTP,0,20140129,105009,4337,430
OTP,0,20140129,105022,4335,53
OTP,0,20140129,105022,4332,310
OTP,0,20140129,105022,4331,500
OTP,0,20140129,105022,4330,1000
OTP,0,20140129,105032,4330,137
OTP,0,20140129,105032,4337,213
OTP,0,20140129,105128,4330,10
OTP,0,20140129,105140,4330,57
OTP,0,20140129,105147,4330,154
OTP,0,20140129,105223,4329,150
OTP,0,20140129,105234,4329,284
OTP,0,20140129,105239,4328,340
OTP,0,20140129,105239,4326,1320
OTP,0,20140129,105239,4325,3340
OTP,0,20140129,105240,4329,718
OTP,0,20140129,105254,4325,350
OTP,0,20140129,105259,4325,100
OTP,0,20140129,105306,4330,1183
OTP,0,20140129,105649,4333,35
OTP,0,20140129,105649,4331,15
OTP,0,20140129,105928,4336,55
OTP,0,20140129,110024,4336,52
OTP,0,20140129,110048,4336,107
OTP,0,20140129,110137,4337,300
OTP,0,20140129,110138,4337,57
OTP,0,20140129,110148,4340,600
OTP,0,20140129,110149,4340,1324
OTP,0,20140129,110149,4340,290
OTP,0,20140129,110149,4340,350
OTP,0,20140129,110250,4332,200
OTP,0,20140129,110250,4331,100
OTP,0,20140129,110332,4339,100
OTP,0,20140129,110419,4331,50
OTP,0,20140129,110558,4339,210
OTP,0,20140129,110813,4339,464
OTP,0,20140129,110959,4339,36
OTP,0,20140129,111017,4335,64
OTP,0,20140129,111033,4340,500
OTP,0,20140129,111140,4335,436
OTP,0,20140129,111156,4335,50
OTP,0,20140129,111424,4335,500
OTP,0,20140129,111633,4335,980
OTP,0,20140129,111634,4332,50
OTP,0,20140129,111634,4331,950
OTP,0,20140129,111647,4331,50
OTP,0,20140129,111705,4331,279
OTP,0,20140129,111705,4330,3899
OTP,0,20140129,111706,4330,1344
OTP,0,20140129,111707,4330,1000
OTP,0,20140129,111713,4326,40
OTP,0,20140129,111715,4325,594
OTP,0,20140129,111738,4326,500
OTP,0,20140129,111746,4330,1594
OTP,0,20140129,111754,4330,800
OTP,0,20140129,111903,4326,1000
OTP,0,20140129,112009,4330,80
OTP,0,20140129,112010,4330,956
OTP,0,20140129,112019,4330,364
OTP,0,20140129,112020,4330,800
OTP,0,20140129,112025,4330,1000
OTP,0,20140129,112115,4330,735
OTP,0,20140129,112127,4330,1528
OTP,0,20140129,112326,4326,1
OTP,0,20140129,112350,4330,500
OTP,0,20140129,112742,4330,500
OTP,0,20140129,112742,4326,47
OTP,0,20140129,112838,4326,500
OTP,0,20140129,113019,4330,500
OTP,0,20140129,113045,4326,12
OTP,0,20140129,113240,4326,800
OTP,0,20140129,113242,4330,613
OTP,0,20140129,113248,4326,516
OTP,0,20140129,113303,4329,634
OTP,0,20140129,113620,4325,231
OTP,0,20140129,113702,4325,89
OTP,0,20140129,113702,4327,347
OTP,0,20140129,113757,4321,5000
OTP,0,20140129,113800,4325,310
OTP,0,20140129,113800,4327,428
OTP,0,20140129,113803,4327,798
OTP,0,20140129,113803,4328,948
OTP,0,20140129,113804,4328,1052
OTP,0,20140129,113813,4326,100
OTP,0,20140129,113815,4329,30
OTP,0,20140129,113815,4330,703
OTP,0,20140129,114052,4329,1668
OTP,0,20140129,114052,4329,820
OTP,0,20140129,114110,4325,184
OTP,0,20140129,114317,4325,3000
OTP,0,20140129,114329,4324,83
OTP,0,20140129,114341,4321,4000
OTP,0,20140129,114342,4321,3114
OTP,0,20140129,114342,4325,206
OTP,0,20140129,114343,4329,1649
OTP,0,20140129,114442,4322,400
OTP,0,20140129,114517,4325,1109
OTP,0,20140129,114518,4325,241
OTP,0,20140129,114518,4325,878
OTP,0,20140129,114518,4325,627
OTP,0,20140129,114518,4328,116
OTP,0,20140129,114519,4328,2495
OTP,0,20140129,114520,4328,389
OTP,0,20140129,114521,4328,1339
OTP,0,20140129,114522,4324,791
OTP,0,20140129,114551,4324,592
OTP,0,20140129,114615,4324,1000
OTP,0,20140129,114622,4324,680
OTP,0,20140129,114754,4324,90
OTP,0,20140129,114851,4322,300
OTP,0,20140129,114851,4321,800
OTP,0,20140129,114851,4320,900
OTP,0,20140129,114900,4320,2000
OTP,0,20140129,114924,4320,450
OTP,0,20140129,114931,4318,7
OTP,0,20140129,115224,4316,100
OTP,0,20140129,115238,4316,150
OTP,0,20140129,115238,4315,370
OTP,0,20140129,115256,4314,50
OTP,0,20140129,115257,4314,502
OTP,0,20140129,115258,4315,90
OTP,0,20140129,115318,4313,222
OTP,0,20140129,115318,4312,200
OTP,0,20140129,115318,4311,990
OTP,0,20140129,115318,4310,760
OTP,0,20140129,115318,4309,500
OTP,0,20140129,115319,4310,690
OTP,0,20140129,115329,4309,545
OTP,0,20140129,115329,4307,1896
OTP,0,20140129,115329,4306,996
OTP,0,20140129,115329,4305,1563
OTP,0,20140129,115330,4310,362
OTP,0,20140129,115330,4305,2088
OTP,0,20140129,115332,4304,100
OTP,0,20140129,115335,4302,1964
OTP,0,20140129,115335,4301,3036
OTP,0,20140129,115335,4302,1039
OTP,0,20140129,115336,4310,1012
OTP,0,20140129,115336,4301,983
OTP,0,20140129,115337,4301,14
OTP,0,20140129,115340,4300,4346
OTP,0,20140129,115340,4300,600
OTP,0,20140129,115341,4300,5482
OTP,0,20140129,115341,4291,2780
OTP,0,20140129,115341,4291,1438
OTP,0,20140129,115342,4291,2566
OTP,0,20140129,115343,4301,850
OTP,0,20140129,115346,4293,600
OTP,0,20140129,115346,4290,1722
OTP,0,20140129,115346,4290,1000
OTP,0,20140129,115352,4309,650
OTP,0,20140129,115402,4291,1470
OTP,0,20140129,115415,4299,1268
OTP,0,20140129,115415,4300,492
OTP,0,20140129,115500,4300,858
OTP,0,20140129,115530,4300,2000
OTP,0,20140129,115536,4300,949
OTP,0,20140129,115536,4300,551
OTP,0,20140129,115544,4295,22
OTP,0,20140129,115600,4300,500
OTP,0,20140129,115601,4300,200
OTP,0,20140129,115653,4300,700
OTP,0,20140129,115701,4300,1300
OTP,0,20140129,115746,4296,230
OTP,0,20140129,115818,4295,28
OTP,0,20140129,115818,4294,820
OTP,0,20140129,115820,4293,962
OTP,0,20140129,115829,4293,783
OTP,0,20140129,115846,4292,1400
OTP,0,20140129,115851,4292,600
OTP,0,20140129,115852,4290,308
OTP,0,20140129,115855,4291,2500
OTP,0,20140129,115909,4290,372
OTP,0,20140129,115930,4290,178
OTP,0,20140129,115934,4290,31
OTP,0,20140129,115934,4290,2500
OTP,0,20140129,115940,4290,100
OTP,0,20140129,115950,4288,100
OTP,0,20140129,115953,4287,100
OTP,0,20140129,115955,4284,415
OTP,0,20140129,115956,4284,109
OTP,0,20140129,120055,4290,114
OTP,0,20140129,120056,4290,50
OTP,0,20140129,120100,4290,100
OTP,0,20140129,120253,4290,10
OTP,0,20140129,120334,4288,100
OTP,0,20140129,120334,4287,50
OTP,0,20140129,120334,4286,199
OTP,0,20140129,120334,4285,150
OTP,0,20140129,120339,4285,389
OTP,0,20140129,120344,4284,459
OTP,0,20140129,120348,4283,880
OTP,0,20140129,120350,4285,949
OTP,0,20140129,120401,4285,499
OTP,0,20140129,120403,4282,400
OTP,0,20140129,120404,4282,232
OTP,0,20140129,120406,4281,700
OTP,0,20140129,120407,4281,92
OTP,0,20140129,120407,4280,1908
OTP,0,20140129,120407,4280,1000
OTP,0,20140129,120407,4280,707
OTP,0,20140129,120407,4278,100
OTP,0,20140129,120407,4277,100
OTP,0,20140129,120407,4276,32
OTP,0,20140129,120407,4275,7
OTP,0,20140129,120407,4273,54
OTP,0,20140129,120408,4281,73
OTP,0,20140129,120408,4273,418
OTP,0,20140129,120408,4273,382
OTP,0,20140129,120411,4280,1960
OTP,0,20140129,120412,4272,100
OTP,0,20140129,120415,4271,1100
OTP,0,20140129,120415,4280,600
OTP,0,20140129,120422,4280,1203
OTP,0,20140129,120422,4272,796
OTP,0,20140129,120423,4280,278
OTP,0,20140129,120427,4272,62
OTP,0,20140129,120430,4271,510
OTP,0,20140129,120430,4270,1490
OTP,0,20140129,120430,4270,1000
OTP,0,20140129,120431,4270,4230
OTP,0,20140129,120432,4270,39
OTP,0,20140129,120432,4270,2731
OTP,0,20140129,120432,4280,2519
OTP,0,20140129,120433,4270,865
OTP,0,20140129,120433,4266,100
OTP,0,20140129,120433,4265,26
OTP,0,20140129,120433,4262,80
OTP,0,20140129,120433,4261,94
OTP,0,20140129,120435,4261,141
OTP,0,20140129,120436,4270,20
OTP,0,20140129,120437,4262,1500
OTP,0,20140129,120437,4261,595
OTP,0,20140129,120438,4270,1000
OTP,0,20140129,120439,4262,800
OTP,0,20140129,120439,4260,232
OTP,0,20140129,120442,4270,680
OTP,0,20140129,120443,4260,1413
OTP,0,20140129,120453,4270,1581
OTP,0,20140129,120457,4270,929
OTP,0,20140129,120510,4270,100
OTP,0,20140129,120517,4270,1000
OTP,0,20140129,120518,4270,379
OTP,0,20140129,120521,4270,150
OTP,0,20140129,120527,4270,471
OTP,0,20140129,120542,4269,660
OTP,0,20140129,120553,4266,20
OTP,0,20140129,120553,4265,2
OTP,0,20140129,120619,4268,20
OTP,0,20140129,120621,4268,41
OTP,0,20140129,120621,4269,1190
OTP,0,20140129,120653,4269,500
OTP,0,20140129,120653,4266,80
OTP,0,20140129,120653,4265,420
OTP,0,20140129,120703,4268,100
OTP,0,20140129,120721,4268,2000
OTP,0,20140129,120753,4268,551
OTP,0,20140129,120758,4265,503
OTP,0,20140129,120759,4265,100
OTP,0,20140129,120803,4264,100
OTP,0,20140129,120803,4263,400
OTP,0,20140129,120809,4263,112
OTP,0,20140129,120814,4265,214
OTP,0,20140129,120839,4265,45
OTP,0,20140129,120855,4265,100
OTP,0,20140129,120914,4265,10
OTP,0,20140129,120940,4265,100
OTP,0,20140129,120952,4265,80
OTP,0,20140129,121010,4263,250
OTP,0,20140129,121018,4265,1000
OTP,0,20140129,121131,4263,88
OTP,0,20140129,121134,4263,912
OTP,0,20140129,121143,4262,808
OTP,0,20140129,121144,4262,806
OTP,0,20140129,121200,4263,1500
OTP,0,20140129,121252,4263,43
OTP,0,20140129,121256,4263,100
OTP,0,20140129,121346,4262,7
OTP,0,20140129,121404,4262,263
OTP,0,20140129,121405,4263,100
OTP,0,20140129,121433,4263,1034
OTP,0,20140129,121442,4265,936
OTP,0,20140129,121523,4265,33
OTP,0,20140129,121602,4263,150
OTP,0,20140129,121602,4262,50
OTP,0,20140129,121841,4265,2000
OTP,0,20140129,121914,4265,447
OTP,0,20140129,121945,4265,250
OTP,0,20140129,121948,4263,225
OTP,0,20140129,121948,4262,66
OTP,0,20140129,121950,4261,773
OTP,0,20140129,121956,4261,4502
OTP,0,20140129,122009,4262,2402
OTP,0,20140129,122009,4265,1000
OTP,0,20140129,122010,4265,935
OTP,0,20140129,122010,4265,4000
OTP,0,20140129,122022,4265,1000
OTP,0,20140129,122037,4265,1000
OTP,0,20140129,122059,4265,13
OTP,0,20140129,122100,4265,5000
OTP,0,20140129,122101,4265,780
OTP,0,20140129,122102,4265,2387
OTP,0,20140129,122104,4265,964
OTP,0,20140129,122105,4265,826
OTP,0,20140129,122116,4268,4181
OTP,0,20140129,122117,4268,819
OTP,0,20140129,122117,4265,156
OTP,0,20140129,122117,4265,1688
OTP,0,20140129,122150,4269,2121
OTP,0,20140129,122210,4269,30
OTP,0,20140129,122213,4269,100
OTP,0,20140129,122214,4269,100
OTP,0,20140129,122244,4266,300
OTP,0,20140129,122244,4265,1700
OTP,0,20140129,122253,4265,806
OTP,0,20140129,122254,4265,817
OTP,0,20140129,122303,4265,1900
OTP,0,20140129,122317,4269,1323
OTP,0,20140129,122318,4266,1522
OTP,0,20140129,122400,4269,200
OTP,0,20140129,122549,4269,25
OTP,0,20140129,122612,4269,15
OTP,0,20140129,122617,4269,3000
OTP,0,20140129,122623,4269,530
OTP,0,20140129,122646,4269,2773
OTP,0,20140129,122646,4269,623
OTP,0,20140129,122646,4269,82
OTP,0,20140129,122657,4268,200
OTP,0,20140129,122704,4265,1000
OTP,0,20140129,122725,4265,2000
OTP,0,20140129,122729,4265,50
OTP,0,20140129,122737,4266,1242
OTP,0,20140129,122741,4278,27
OTP,0,20140129,122741,4277,372
OTP,0,20140129,122751,4269,50
OTP,0,20140129,122751,4267,767
OTP,0,20140129,122751,4266,183
OTP,0,20140129,122815,4272,98
OTP,0,20140129,122818,4270,100
OTP,0,20140129,122825,4270,250
OTP,0,20140129,122833,4267,1500
OTP,0,20140129,122835,4266,898
OTP,0,20140129,122836,4267,4150
OTP,0,20140129,122836,4266,1010
OTP,0,20140129,122837,4267,24
OTP,0,20140129,122842,4267,3500
OTP,0,20140129,122846,4266,25
OTP,0,20140129,122849,4267,467
OTP,0,20140129,122849,4267,2252
OTP,0,20140129,122850,4267,632
OTP,0,20140129,122855,4267,443
OTP,0,20140129,122856,4267,157
OTP,0,20140129,122955,4267,277
OTP,0,20140129,123008,4272,2000
OTP,0,20140129,123011,4272,2500
OTP,0,20140129,123014,4272,1889
OTP,0,20140129,123025,4269,50
OTP,0,20140129,123026,4269,23
OTP,0,20140129,123028,4267,1009
OTP,0,20140129,123050,4269,1400
OTP,0,20140129,123055,4269,87
OTP,0,20140129,123102,4269,24
OTP,0,20140129,123112,4269,50
OTP,0,20140129,123113,4269,24
OTP,0,20140129,123150,4269,100
OTP,0,20140129,123157,4269,40
OTP,0,20140129,123237,4269,1500
OTP,0,20140129,123326,4268,100
OTP,0,20140129,123336,4269,150
OTP,0,20140129,123336,4267,2335
OTP,0,20140129,123336,4266,1665
OTP,0,20140129,123336,4269,100
OTP,0,20140129,123345,4269,1000
OTP,0,20140129,123348,4266,3500
OTP,0,20140129,123348,4266,958
OTP,0,20140129,123351,4269,174
OTP,0,20140129,123352,4266,34
OTP,0,20140129,123353,4266,453
OTP,0,20140129,123357,4265,750
OTP,0,20140129,123405,4265,877
OTP,0,20140129,123406,4265,906
OTP,0,20140129,123410,4265,638
OTP,0,20140129,123411,4265,815
OTP,0,20140129,123414,4265,783
OTP,0,20140129,123427,4265,307
OTP,0,20140129,123428,4265,999
OTP,0,20140129,123434,4266,2121
OTP,0,20140129,123434,4265,1280
OTP,0,20140129,123436,4266,4053
OTP,0,20140129,123436,4269,1533
OTP,0,20140129,123438,4269,740
OTP,0,20140129,123440,4269,1013
OTP,0,20140129,123447,4269,61
OTP,0,20140129,123502,4275,100
OTP,0,20140129,123612,4266,348
OTP,0,20140129,123613,4266,267
OTP,0,20140129,123629,4266,1228
OTP,0,20140129,123630,4266,324
OTP,0,20140129,123635,4265,765
OTP,0,20140129,123638,4265,738
OTP,0,20140129,123751,4270,94
OTP,0,20140129,123814,4265,221
OTP,0,20140129,123816,4265,779
OTP,0,20140129,123825,4269,37
OTP,0,20140129,123830,4265,906
OTP,0,20140129,123830,4265,733
OTP,0,20140129,123833,4265,2020
OTP,0,20140129,123835,4265,696
OTP,0,20140129,123837,4265,1000
OTP,0,20140129,123843,4265,2000
OTP,0,20140129,123852,4265,342
OTP,0,20140129,123859,4265,23
OTP,0,20140129,123911,4266,2297
OTP,0,20140129,123925,4266,2682
OTP,0,20140129,123953,4269,1915
OTP,0,20140129,124001,4270,63
OTP,0,20140129,124001,4270,887
OTP,0,20140129,124010,4270,21
OTP,0,20140129,124037,4274,1165
OTP,0,20140129,124037,4275,835
OTP,0,20140129,124217,4270,114
OTP,0,20140129,124220,4275,1315
OTP,0,20140129,124302,4278,1973
OTP,0,20140129,124407,4285,20
OTP,0,20140129,124454,4285,180
OTP,0,20140129,124454,4288,82
OTP,0,20140129,124549,4288,18
OTP,0,20140129,124549,4290,1982
OTP,0,20140129,124549,4290,1500
OTP,0,20140129,124609,4290,100
OTP,0,20140129,124704,4289,2000
OTP,0,20140129,124737,4290,151
OTP,0,20140129,124740,4290,200
OTP,0,20140129,124749,4290,320
OTP,0,20140129,124816,4286,125
OTP,0,20140129,124834,4290,50
OTP,0,20140129,124912,4286,149
OTP,0,20140129,124945,4289,50
OTP,0,20140129,124947,4290,2496
OTP,0,20140129,124951,4295,50
OTP,0,20140129,124955,4297,280
OTP,0,20140129,125029,4290,800
OTP,0,20140129,125114,4290,598
OTP,0,20140129,125125,4290,1106
OTP,0,20140129,125205,4286,320
OTP,0,20140129,125212,4290,24
OTP,0,20140129,125217,4286,250
OTP,0,20140129,125241,4286,143
OTP,0,20140129,125300,4289,50
OTP,0,20140129,125300,4290,185
OTP,0,20140129,125310,4290,700
OTP,0,20140129,125339,4289,60
OTP,0,20140129,125339,4290,1940
OTP,0,20140129,125409,4290,103
OTP,0,20140129,125527,4286,54
OTP,0,20140129,125631,4286,150
OTP,0,20140129,125701,4290,200
OTP,0,20140129,125712,4288,233
OTP,0,20140129,125739,4290,525
OTP,0,20140129,125752,4287,547
OTP,0,20140129,125802,4287,500
OTP,0,20140129,125823,4287,361
OTP,0,20140129,125837,4287,894
OTP,0,20140129,125840,4286,7
OTP,0,20140129,125855,4283,1080
OTP,0,20140129,125907,4283,30
OTP,0,20140129,125907,4283,600
OTP,0,20140129,125908,4282,2550
OTP,0,20140129,125917,4282,2600
OTP,0,20140129,125917,4281,1000
OTP,0,20140129,125917,4279,1565
OTP,0,20140129,125947,4280,80
OTP,0,20140129,130012,4280,50
OTP,0,20140129,130114,4275,217
OTP,0,20140129,130247,4276,154
OTP,0,20140129,130307,4276,1146
OTP,0,20140129,130320,4276,51
OTP,0,20140129,130322,4270,295
OTP,0,20140129,130357,4267,357
OTP,0,20140129,130357,4266,2946
OTP,0,20140129,130357,4265,1697
OTP,0,20140129,130910,4275,1000
OTP,0,20140129,130955,4270,300
OTP,0,20140129,131131,4267,100
OTP,0,20140129,131242,4266,387
OTP,0,20140129,131246,4270,400
OTP,0,20140129,131302,4270,5000
OTP,0,20140129,131303,4266,1543
OTP,0,20140129,131318,4265,490
OTP,0,20140129,131324,4265,2000
OTP,0,20140129,131336,4269,44
OTP,0,20140129,131357,4265,876
OTP,0,20140129,131357,4266,300
OTP,0,20140129,131402,4263,205
OTP,0,20140129,131410,4264,85
OTP,0,20140129,131411,4264,15
OTP,0,20140129,131412,4262,968
OTP,0,20140129,131415,4262,3825
OTP,0,20140129,131416,4262,1707
OTP,0,20140129,131417,4261,381
OTP,0,20140129,131419,4261,500
OTP,0,20140129,131436,4261,299
OTP,0,20140129,131456,4261,394
OTP,0,20140129,131512,4261,300
OTP,0,20140129,131529,4262,12
OTP,0,20140129,131545,4261,306
OTP,0,20140129,131550,4260,1000
OTP,0,20140129,131612,4261,100
OTP,0,20140129,131615,4260,2000
OTP,0,20140129,131615,4260,2217
OTP,0,20140129,131616,4260,4328
OTP,0,20140129,131616,4260,7000
OTP,0,20140129,131617,4260,4000
OTP,0,20140129,131617,4260,5813
OTP,0,20140129,131618,4260,1187
OTP,0,20140129,131618,4260,1695
OTP,0,20140129,131618,4256,82
OTP,0,20140129,131618,4255,1
OTP,0,20140129,131619,4257,19
OTP,0,20140129,131619,4260,548
OTP,0,20140129,131619,4262,338
OTP,0,20140129,131619,4263,369
OTP,0,20140129,131619,4255,25
OTP,0,20140129,131620,4255,769
OTP,0,20140129,131620,4255,990
OTP,0,20140129,131620,4263,46
OTP,0,20140129,131621,4253,17
OTP,0,20140129,131623,4253,29
OTP,0,20140129,131626,4252,1793
OTP,0,20140129,131629,4253,5000
OTP,0,20140129,131631,4252,2019
OTP,0,20140129,131631,4253,2000
OTP,0,20140129,131637,4251,4879
OTP,0,20140129,131638,4251,1758
OTP,0,20140129,131638,4253,1119
OTP,0,20140129,131643,4251,1683
OTP,0,20140129,131643,4250,5000
OTP,0,20140129,131643,4250,445
OTP,0,20140129,131643,4250,555
OTP,0,20140129,131643,4250,406
OTP,0,20140129,131643,4250,200
OTP,0,20140129,131644,4253,2395
OTP,0,20140129,131646,4250,250
OTP,0,20140129,131648,4250,911
OTP,0,20140129,131652,4250,1302
OTP,0,20140129,131653,4250,645
OTP,0,20140129,131655,4251,600
OTP,0,20140129,131655,4250,675
OTP,0,20140129,131656,4252,200
OTP,0,20140129,131658,4250,5000
OTP,0,20140129,131658,4252,921
OTP,0,20140129,131658,4250,2080
OTP,0,20140129,131659,4250,1686
OTP,0,20140129,131700,4252,3601
OTP,0,20140129,131701,4250,1700
OTP,0,20140129,131703,4250,2500
OTP,0,20140129,131707,4250,804
OTP,0,20140129,131709,4250,50000
OTP,0,20140129,131709,4250,80
OTP,0,20140129,131710,4250,1359
OTP,0,20140129,131710,4250,750
OTP,0,20140129,131711,4250,500
OTP,0,20140129,131711,4250,5000
OTP,0,20140129,131712,4250,100
OTP,0,20140129,131713,4250,3570
OTP,0,20140129,131713,4251,193
OTP,0,20140129,131714,4251,1089
OTP,0,20140129,131714,4250,25
OTP,0,20140129,131715,4250,1268
OTP,0,20140129,131715,4250,937
OTP,0,20140129,131715,4250,3477
OTP,0,20140129,131717,4250,100
OTP,0,20140129,131720,4245,1781
OTP,0,20140129,131723,4250,500
OTP,0,20140129,131724,4245,2049
OTP,0,20140129,131725,4245,655
OTP,0,20140129,131727,4245,1195
OTP,0,20140129,131730,4245,600
OTP,0,20140129,131731,4245,270
OTP,0,20140129,131731,4245,809
OTP,0,20140129,131732,4245,80
OTP,0,20140129,131733,4244,669
OTP,0,20140129,131733,4245,15
OTP,0,20140129,131734,4244,2749
OTP,0,20140129,131737,4245,500
OTP,0,20140129,131737,4244,2082
OTP,0,20140129,131739,4242,90
OTP,0,20140129,131740,4244,15
OTP,0,20140129,131741,4242,1292
OTP,0,20140129,131744,4242,835
OTP,0,20140129,131746,4244,1329
OTP,0,20140129,131749,4250,2110
OTP,0,20140129,131751,4242,635
OTP,0,20140129,131753,4250,116
OTP,0,20140129,131755,4250,400
OTP,0,20140129,131802,4249,150
OTP,0,20140129,131804,4249,50
OTP,0,20140129,131809,4244,166
OTP,0,20140129,131811,4243,200
OTP,0,20140129,131811,4242,830
OTP,0,20140129,131814,4242,285
OTP,0,20140129,131817,4249,1426
OTP,0,20140129,131819,4241,1366
OTP,0,20140129,131820,4241,372
OTP,0,20140129,131825,4241,961
OTP,0,20140129,131829,4241,706
OTP,0,20140129,131832,4241,600
OTP,0,20140129,131834,4240,3000
OTP,0,20140129,131834,4240,100
OTP,0,20140129,131837,4240,1834
OTP,0,20140129,131840,4239,100
OTP,0,20140129,131848,4238,52
OTP,0,20140129,131853,4237,25
OTP,0,20140129,131856,4245,15
OTP,0,20140129,131858,4237,400
OTP,0,20140129,131900,4245,148
OTP,0,20140129,131901,4236,555
OTP,0,20140129,131902,4236,700
OTP,0,20140129,131902,4245,300
OTP,0,20140129,131905,4236,600
OTP,0,20140129,131905,4245,50
OTP,0,20140129,131906,4235,293
OTP,0,20140129,131908,4236,327
OTP,0,20140129,131909,4236,473
OTP,0,20140129,131911,4237,20
OTP,0,20140129,131913,4235,3786
OTP,0,20140129,131918,4236,200
OTP,0,20140129,131920,4236,967
OTP,0,20140129,131923,4240,400
OTP,0,20140129,131924,4236,3202
OTP,0,20140129,131928,4236,348
OTP,0,20140129,131932,4236,1950
OTP,0,20140129,131933,4235,412
OTP,0,20140129,131938,4235,1000
OTP,0,20140129,131939,4235,3444
OTP,0,20140129,131950,4235,1568
OTP,0,20140129,131951,4235,374
OTP,0,20140129,131955,4236,30
OTP,0,20140129,131956,4236,100
OTP,0,20140129,132003,4235,1451
OTP,0,20140129,132003,4235,117
OTP,0,20140129,132007,4236,125
OTP,0,20140129,132010,4235,1631
OTP,0,20140129,132011,4235,1553
OTP,0,20140129,132016,4235,30
OTP,0,20140129,132017,4235,2860
OTP,0,20140129,132020,4235,4216
OTP,0,20140129,132020,4235,200
OTP,0,20140129,132022,4235,15
OTP,0,20140129,132022,4235,15
OTP,0,20140129,132022,4235,15
OTP,0,20140129,132022,4235,15
OTP,0,20140129,132022,4235,73
OTP,0,20140129,132022,4235,15
OTP,0,20140129,132022,4235,15
OTP,0,20140129,132022,4235,189
OTP,0,20140129,132022,4235,20
OTP,0,20140129,132024,4235,816
OTP,0,20140129,132025,4234,425
OTP,0,20140129,132027,4235,363
OTP,0,20140129,132031,4233,30
OTP,0,20140129,132033,4235,174
OTP,0,20140129,132033,4235,15
OTP,0,20140129,132033,4235,15
OTP,0,20140129,132036,4232,500
OTP,0,20140129,132039,4231,110
OTP,0,20140129,132041,4232,145
OTP,0,20140129,132043,4232,300
OTP,0,20140129,132043,4230,4255
OTP,0,20140129,132043,4228,78
OTP,0,20140129,132043,4228,6
OTP,0,20140129,132043,4226,59
OTP,0,20140129,132047,4229,24
OTP,0,20140129,132047,4226,181
OTP,0,20140129,132048,4229,10
OTP,0,20140129,132050,4229,91
OTP,0,20140129,132054,4232,274
OTP,0,20140129,132056,4232,100
OTP,0,20140129,132109,4232,388
OTP,0,20140129,132113,4232,12
OTP,0,20140129,132116,4240,1300
OTP,0,20140129,132123,4240,10
OTP,0,20140129,132126,4232,20
OTP,0,20140129,132130,4257,300
OTP,0,20140129,132133,4258,290
OTP,0,20140129,132134,4250,500
OTP,0,20140129,132136,4258,700
OTP,0,20140129,132136,4265,1300
OTP,0,20140129,132136,4265,1500
OTP,0,20140129,132210,4250,20
OTP,0,20140129,132230,4242,990
OTP,0,20140129,132235,4241,225
OTP,0,20140129,132240,4240,1302
OTP,0,20140129,132332,4240,73
OTP,0,20140129,132338,4240,500
OTP,0,20140129,132339,4236,775
OTP,0,20140129,132339,4235,745
OTP,0,20140129,132402,4235,900
OTP,0,20140129,132405,4235,1000
OTP,0,20140129,132407,4235,1200
OTP,0,20140129,132418,4235,148
OTP,0,20140129,132428,4240,127
OTP,0,20140129,132428,4247,200
OTP,0,20140129,132428,4248,173
OTP,0,20140129,132429,4249,22
OTP,0,20140129,132430,4249,853
OTP,0,20140129,132430,4250,2147
OTP,0,20140129,132440,4249,500
OTP,0,20140129,132458,4248,975
OTP,0,20140129,132501,4249,1110
OTP,0,20140129,132542,4250,30
OTP,0,20140129,132606,4250,20
OTP,0,20140129,132623,4250,550
OTP,0,20140129,132627,4250,1610
OTP,0,20140129,132629,4250,643
OTP,0,20140129,132642,4250,294
OTP,0,20140129,132745,4260,29
OTP,0,20140129,132759,4251,875
OTP,0,20140129,132759,4250,1210
OTP,0,20140129,132815,4260,560
OTP,0,20140129,132822,4255,500
OTP,0,20140129,132909,4250,571
OTP,0,20140129,132909,4246,429
OTP,0,20140129,132944,4246,171
OTP,0,20140129,132944,4245,2329
OTP,0,20140129,132955,4246,21
OTP,0,20140129,133001,4245,71
OTP,0,20140129,133001,4244,129
OTP,0,20140129,133001,4246,34
OTP,0,20140129,133001,4250,966
OTP,0,20140129,133006,4250,34
OTP,0,20140129,133010,4254,466
OTP,0,20140129,133048,4255,120
OTP,0,20140129,133120,4255,500
OTP,0,20140129,133149,4250,525
OTP,0,20140129,133224,4255,490
OTP,0,20140129,133253,4250,32000
OTP,0,20140129,133325,4254,100
OTP,0,20140129,133346,4254,380
OTP,0,20140129,133406,4254,20
OTP,0,20140129,133413,4254,50
OTP,0,20140129,133437,4250,5000
OTP,0,20140129,133501,4250,1000
OTP,0,20140129,133537,4255,1000
OTP,0,20140129,133556,4259,400
OTP,0,20140129,133600,4260,2298
OTP,0,20140129,133603,4260,613
OTP,0,20140129,133615,4264,44
OTP,0,20140129,133734,4265,400
OTP,0,20140129,133738,4269,490
OTP,0,20140129,133812,4267,376
OTP,0,20140129,133812,4261,500
OTP,0,20140129,133812,4260,1624
OTP,0,20140129,133829,4265,200
OTP,0,20140129,133829,4260,698
OTP,0,20140129,133834,4260,102
OTP,0,20140129,133839,4265,128
OTP,0,20140129,133947,4258,50
OTP,0,20140129,133948,4258,33
OTP,0,20140129,133948,4252,128
OTP,0,20140129,133948,4251,343
OTP,0,20140129,133951,4250,2000
OTP,0,20140129,133952,4251,1566
OTP,0,20140129,133955,4250,4000
OTP,0,20140129,133956,4260,434
OTP,0,20140129,134002,4259,100
OTP,0,20140129,134015,4250,200
OTP,0,20140129,134052,4251,25
OTP,0,20140129,134052,4250,3308
OTP,0,20140129,134117,4250,600
OTP,0,20140129,134118,4250,500
OTP,0,20140129,134139,4250,150
OTP,0,20140129,134147,4250,417
OTP,0,20140129,134147,4253,83
OTP,0,20140129,134210,4250,1200
OTP,0,20140129,134233,4253,117
OTP,0,20140129,134236,4257,200
OTP,0,20140129,134240,4258,256
OTP,0,20140129,134244,4259,1900
OTP,0,20140129,134303,4260,1552
OTP,0,20140129,134311,4260,125
OTP,0,20140129,134401,4260,889
OTP,0,20140129,134620,4262,500
OTP,0,20140129,134625,4262,300
OTP,0,20140129,134625,4263,1500
OTP,0,20140129,134706,4261,24
OTP,0,20140129,134752,4260,1005
OTP,0,20140129,135027,4258,25
OTP,0,20140129,135027,4255,500
OTP,0,20140129,135047,4252,457
OTP,0,20140129,135047,4251,1000
OTP,0,20140129,135047,4250,1543
OTP,0,20140129,135102,4250,1000
OTP,0,20140129,135108,4250,741
OTP,0,20140129,135122,4250,110
OTP,0,20140129,135235,4246,40
OTP,0,20140129,135235,4245,250
OTP,0,20140129,135235,4243,100
OTP,0,20140129,135235,4242,350
OTP,0,20140129,135235,4241,1318
OTP,0,20140129,135235,4240,5545
OTP,0,20140129,135238,4240,219
OTP,0,20140129,135240,4240,999
OTP,0,20140129,135244,4240,1000
OTP,0,20140129,135248,4240,490
OTP,0,20140129,135250,4246,400
OTP,0,20140129,135252,4250,657
OTP,0,20140129,135254,4250,2501
OTP,0,20140129,135303,4250,1550
OTP,0,20140129,135313,4249,7
OTP,0,20140129,135313,4250,1201
OTP,0,20140129,135324,4245,500
OTP,0,20140129,135324,4245,300
OTP,0,20140129,135326,4249,40
OTP,0,20140129,135326,4250,1136
OTP,0,20140129,135333,4240,3725
OTP,0,20140129,135342,4240,1275
OTP,0,20140129,135413,4240,3027
OTP,0,20140129,135414,4240,789
OTP,0,20140129,135429,4241,600
OTP,0,20140129,135429,4240,2463
OTP,0,20140129,135446,4240,1000
OTP,0,20140129,135520,4240,50
OTP,0,20140129,135529,4240,887
OTP,0,20140129,135539,4240,1070
OTP,0,20140129,135543,4240,68
OTP,0,20140129,135548,4237,32
OTP,0,20140129,135615,4246,570
OTP,0,20140129,135628,4237,100
OTP,0,20140129,135636,4248,46
OTP,0,20140129,135644,4248,554
OTP,0,20140129,135644,4249,527
OTP,0,20140129,135644,4250,919
OTP,0,20140129,135738,4244,50
OTP,0,20140129,135749,4245,100
OTP,0,20140129,135759,4248,1000
OTP,0,20140129,135822,4244,10
OTP,0,20140129,135822,4240,770
OTP,0,20140129,135835,4240,100
OTP,0,20140129,135838,4240,1261
OTP,0,20140129,135847,4240,239
OTP,0,20140129,135907,4240,40
OTP,0,20140129,135922,4240,100
OTP,0,20140129,140009,4238,200
OTP,0,20140129,140029,4237,120
OTP,0,20140129,140041,4240,100
OTP,0,20140129,140217,4240,150
OTP,0,20140129,140217,4240,5
OTP,0,20140129,140225,4240,540
OTP,0,20140129,140304,4238,100
OTP,0,20140129,140314,4240,30
OTP,0,20140129,140334,4240,2100
OTP,0,20140129,140339,4240,100
OTP,0,20140129,140341,4240,444
OTP,0,20140129,140350,4240,100
OTP,0,20140129,140350,4240,100
OTP,0,20140129,140401,4238,150
OTP,0,20140129,140419,4240,464
OTP,0,20140129,140419,4249,25
OTP,0,20140129,140419,4250,1511
OTP,0,20140129,140422,4240,174
OTP,0,20140129,140443,4240,200
OTP,0,20140129,140524,4240,927
OTP,0,20140129,140601,4250,200
OTP,0,20140129,140637,4249,73
OTP,0,20140129,140647,4249,150
OTP,0,20140129,140840,4249,30
OTP,0,20140129,141312,4249,697
OTP,0,20140129,141316,4250,462
OTP,0,20140129,141318,4250,557
OTP,0,20140129,141339,4250,574
OTP,0,20140129,141432,4249,20
OTP,0,20140129,141440,4250,350
OTP,0,20140129,141523,4250,100
OTP,0,20140129,141526,4250,514
OTP,0,20140129,142028,4250,25
OTP,0,20140129,142118,4250,1200
OTP,0,20140129,142121,4250,792
OTP,0,20140129,142125,4246,651
OTP,0,20140129,142132,4250,756
OTP,0,20140129,142142,4246,1155
OTP,0,20140129,142146,4250,807
OTP,0,20140129,142205,4245,100
OTP,0,20140129,142221,4242,20
OTP,0,20140129,142225,4250,4555
OTP,0,20140129,142325,4250,445
OTP,0,20140129,142517,4250,50
OTP,0,20140129,142538,4250,500
OTP,0,20140129,142604,4246,513
OTP,0,20140129,142615,4246,250
OTP,0,20140129,142620,4246,455
OTP,0,20140129,142926,4246,282
OTP,0,20140129,142927,4245,54
OTP,0,20140129,142929,4246,213
OTP,0,20140129,143006,4242,420
OTP,0,20140129,143008,4242,209
OTP,0,20140129,143008,4241,2010
OTP,0,20140129,143008,4240,2781
OTP,0,20140129,143011,4246,665
OTP,0,20140129,143023,4245,283
OTP,0,20140129,143026,4240,240
OTP,0,20140129,143026,4238,300
OTP,0,20140129,143026,4237,100
OTP,0,20140129,143027,4237,360
OTP,0,20140129,143027,4236,912
OTP,0,20140129,143027,4245,1195
OTP,0,20140129,143033,4244,1155
OTP,0,20140129,143034,4244,326
OTP,0,20140129,143117,4236,400
OTP,0,20140129,143134,4236,256
OTP,0,20140129,143134,4235,2244
OTP,0,20140129,143143,4244,413
OTP,0,20140129,143154,4235,700
OTP,0,20140129,143226,4236,450
OTP,0,20140129,143256,4240,229
OTP,0,20140129,143309,4237,415
OTP,0,20140129,143313,4237,85
OTP,0,20140129,143313,4236,199
OTP,0,20140129,143339,4237,439
OTP,0,20140129,143410,4237,261
OTP,0,20140129,143428,4236,605
OTP,0,20140129,143445,4236,1746
OTP,0,20140129,143445,4235,2129
OTP,0,20140129,143502,4234,690
OTP,0,20140129,143522,4233,1048
OTP,0,20140129,143536,4232,318
OTP,0,20140129,143536,4231,1356
OTP,0,20140129,143536,4230,826
OTP,0,20140129,143552,4231,410
OTP,0,20140129,143552,4230,14590
OTP,0,20140129,143554,4230,779
OTP,0,20140129,143600,4226,52
OTP,0,20140129,143606,4234,6
OTP,0,20140129,143618,4226,890
OTP,0,20140129,143621,4230,519
OTP,0,20140129,143623,4225,100
OTP,0,20140129,143623,4225,33
OTP,0,20140129,143634,4230,1001
OTP,0,20140129,143639,4230,865
OTP,0,20140129,143706,4227,85
OTP,0,20140129,143711,4227,15
OTP,0,20140129,143725,4230,600
OTP,0,20140129,143728,4226,401
OTP,0,20140129,143745,4227,1200
OTP,0,20140129,143755,4226,200
OTP,0,20140129,143755,4226,25
OTP,0,20140129,143802,4226,353
OTP,0,20140129,143824,4226,663
OTP,0,20140129,143824,4225,337
OTP,0,20140129,143831,4225,8049
OTP,0,20140129,143835,4224,548
OTP,0,20140129,143835,4222,886
OTP,0,20140129,143835,4221,1066
OTP,0,20140129,143845,4221,200
OTP,0,20140129,143848,4221,1245
OTP,0,20140129,143909,4221,700
OTP,0,20140129,143911,4224,200
OTP,0,20140129,143921,4221,250
OTP,0,20140129,143922,4224,1116
OTP,0,20140129,143924,4221,10
OTP,0,20140129,144017,4222,40
OTP,0,20140129,144017,4221,233
OTP,0,20140129,144021,4224,500
OTP,0,20140129,144034,4221,1758
OTP,0,20140129,144101,4224,913
OTP,0,20140129,144101,4225,2051
OTP,0,20140129,144121,4226,200
OTP,0,20140129,144132,4226,400
OTP,0,20140129,144213,4234,100
OTP,0,20140129,144213,4235,50
OTP,0,20140129,144339,4230,400
OTP,0,20140129,144340,4230,160
OTP,0,20140129,144344,4230,706
OTP,0,20140129,144348,4230,134
OTP,0,20140129,144408,4230,35
OTP,0,20140129,144452,4230,300
OTP,0,20140129,144503,4227,110
OTP,0,20140129,144520,4226,706
OTP,0,20140129,144527,4226,300
OTP,0,20140129,144527,4225,4236
OTP,0,20140129,144531,4220,7810
OTP,0,20140129,144549,4224,2
OTP,0,20140129,144552,4219,700
OTP,0,20140129,144556,4220,683
OTP,0,20140129,144609,4217,150
OTP,0,20140129,144609,4216,90
OTP,0,20140129,144609,4216,400
OTP,0,20140129,144612,4216,251
OTP,0,20140129,144612,4215,4604
OTP,0,20140129,144632,4213,115
OTP,0,20140129,144632,4212,1133
OTP,0,20140129,144632,4211,1080
OTP,0,20140129,144632,4210,18234
OTP,0,20140129,144632,4209,100
OTP,0,20140129,144633,4209,50
OTP,0,20140129,144637,4210,1197
OTP,0,20140129,144645,4207,25
OTP,0,20140129,144645,4206,1645
OTP,0,20140129,144648,4207,1327
OTP,0,20140129,144648,4205,5708
OTP,0,20140129,144651,4204,5130
OTP,0,20140129,144652,4203,1
OTP,0,20140129,144655,4203,200
OTP,0,20140129,144658,4203,3209
OTP,0,20140129,144658,4202,4025
OTP,0,20140129,144658,4201,2917
OTP,0,20140129,144658,4200,2000
OTP,0,20140129,144658,4200,2500
OTP,0,20140129,144700,4200,21649
OTP,0,20140129,144705,4199,60
OTP,0,20140129,144705,4197,23
OTP,0,20140129,144705,4196,20
OTP,0,20140129,144705,4195,480
OTP,0,20140129,144705,4195,350
OTP,0,20140129,144705,4195,46
OTP,0,20140129,144707,4195,631
OTP,0,20140129,144711,4200,584
OTP,0,20140129,144717,4194,110
OTP,0,20140129,144717,4192,390
OTP,0,20140129,144727,4192,965
OTP,0,20140129,144742,4199,20
OTP,0,20140129,144744,4191,1820
OTP,0,20140129,144755,4199,20
OTP,0,20140129,144800,4195,15
OTP,0,20140129,144816,4199,1000
OTP,0,20140129,144818,4193,100
OTP,0,20140129,144820,4198,670
OTP,0,20140129,144821,4192,170
OTP,0,20140129,144821,4192,525
OTP,0,20140129,144821,4191,947
OTP,0,20140129,144824,4198,330
OTP,0,20140129,144824,4199,380
OTP,0,20140129,144835,4199,471
OTP,0,20140129,144837,4195,200
OTP,0,20140129,144845,4199,156
OTP,0,20140129,144845,4199,759
OTP,0,20140129,144855,4193,800
OTP,0,20140129,144858,4199,671
OTP,0,20140129,144900,4199,100
OTP,0,20140129,144901,4192,1000
OTP,0,20140129,144907,4195,847
OTP,0,20140129,144910,4191,652
OTP,0,20140129,144912,4191,201
OTP,0,20140129,144914,4190,5573
OTP,0,20140129,144917,4190,100
OTP,0,20140129,144918,4190,839
OTP,0,20140129,144919,4190,1405
OTP,0,20140129,144919,4190,818
OTP,0,20140129,144922,4190,1000
OTP,0,20140129,144925,4188,143
OTP,0,20140129,144925,4187,58
OTP,0,20140129,144925,4187,22
OTP,0,20140129,144930,4187,6124
OTP,0,20140129,144937,4190,100
OTP,0,20140129,144938,4190,1000
OTP,0,20140129,144949,4186,1435
OTP,0,20140129,144949,4185,125
OTP,0,20140129,144954,4185,2345
OTP,0,20140129,144954,4182,21
OTP,0,20140129,144954,4181,1573
OTP,0,20140129,144954,4180,22729
OTP,0,20140129,144954,4178,35
OTP,0,20140129,144954,4176,290
OTP,0,20140129,144954,4175,45
OTP,0,20140129,144954,4175,250
OTP,0,20140129,144954,4175,25
OTP,0,20140129,144956,4180,16
OTP,0,20140129,144958,4180,700
OTP,0,20140129,145003,4175,1353
OTP,0,20140129,145003,4172,1000
OTP,0,20140129,145008,4171,100
OTP,0,20140129,145008,4171,20
OTP,0,20140129,145335,4180,20440
OTP,0,20140129,145335,4175,10
OTP,0,20140129,145335,4173,15
OTP,0,20140129,145335,4172,1150
OTP,0,20140129,145335,4171,2057
OTP,0,20140129,145336,4171,1899
OTP,0,20140129,145338,4180,614
OTP,0,20140129,145344,4172,65
OTP,0,20140129,145344,4171,4109
OTP,0,20140129,145354,4172,500
OTP,0,20140129,145357,4170,1500
OTP,0,20140129,145401,4180,200
OTP,0,20140129,145404,4170,483
OTP,0,20140129,145405,4170,1017
OTP,0,20140129,145405,4180,983
OTP,0,20140129,145406,4170,500
OTP,0,20140129,145411,4168,20
OTP,0,20140129,145411,4167,10
OTP,0,20140129,145411,4170,1526
OTP,0,20140129,145414,4170,1474
OTP,0,20140129,145416,4170,100
OTP,0,20140129,145417,4167,90
OTP,0,20140129,145421,4179,100
OTP,0,20140129,145422,4170,100
OTP,0,20140129,145425,4170,200
OTP,0,20140129,145428,4170,30
OTP,0,20140129,145428,4170,170
OTP,0,20140129,145429,4170,15
OTP,0,20140129,145434,4166,30
OTP,0,20140129,145434,4170,1340
OTP,0,20140129,145435,4170,660
OTP,0,20140129,145435,4166,340
OTP,0,20140129,145439,4170,400
OTP,0,20140129,145441,4170,200
OTP,0,20140129,145443,4170,20
OTP,0,20140129,145444,4170,25
OTP,0,20140129,145452,4170,15
OTP,0,20140129,145459,4179,50
OTP,0,20140129,145520,4179,15
OTP,0,20140129,145522,4179,335
OTP,0,20140129,145522,4180,855
OTP,0,20140129,145544,4179,30
OTP,0,20140129,145553,4179,33
OTP,0,20140129,145624,4180,524
OTP,0,20140129,145626,4180,30
OTP,0,20140129,145627,4180,800
OTP,0,20140129,145627,4180,1190
OTP,0,20140129,145633,4180,810
OTP,0,20140129,145633,4179,100
OTP,0,20140129,145633,4176,90
OTP,0,20140129,145642,4180,300
OTP,0,20140129,145646,4190,10
OTP,0,20140129,145708,4183,30
OTP,0,20140129,145708,4182,470
OTP,0,20140129,145725,4185,200
OTP,0,20140129,145730,4185,320
OTP,0,20140129,145734,4185,921
OTP,0,20140129,145736,4185,1
OTP,0,20140129,145759,4195,35
OTP,0,20140129,145809,4195,40
OTP,0,20140129,145821,4195,455
OTP,0,20140129,145823,4195,500
OTP,0,20140129,145826,4195,1210
OTP,0,20140129,145834,4196,15
OTP,0,20140129,145837,4196,17
OTP,0,20140129,145838,4196,484
OTP,0,20140129,145842,4196,409
OTP,0,20140129,145842,4200,4045
OTP,0,20140129,145843,4200,1801
OTP,0,20140129,145844,4200,414
OTP,0,20140129,145845,4200,3331
OTP,0,20140129,145847,4200,1586
OTP,0,20140129,145848,4200,414
OTP,0,20140129,145852,4200,30
OTP,0,20140129,145854,4200,1500
OTP,0,20140129,145854,4200,1000
OTP,0,20140129,145854,4196,100
OTP,0,20140129,145854,4195,821
OTP,0,20140129,145856,4195,1175
OTP,0,20140129,145857,4200,1500
OTP,0,20140129,145858,4195,1012
OTP,0,20140129,145859,4199,800
OTP,0,20140129,145859,4200,700
OTP,0,20140129,145902,4195,1239
OTP,0,20140129,145906,4199,400
OTP,0,20140129,145908,4195,10
OTP,0,20140129,145911,4199,400
OTP,0,20140129,145912,4196,4000
OTP,0,20140129,145913,4195,916
OTP,0,20140129,145914,4195,916
OTP,0,20140129,145918,4198,200
OTP,0,20140129,145918,4195,1500
OTP,0,20140129,145919,4195,1500
OTP,0,20140129,145919,4195,1
OTP,0,20140129,145927,4192,252
OTP,0,20140129,145927,4191,200
OTP,0,20140129,145927,4190,1048
OTP,0,20140129,145927,4190,1254
OTP,0,20140129,145928,4186,400
OTP,0,20140129,145932,4190,246
OTP,0,20140129,145932,4195,50
OTP,0,20140129,145934,4190,19
OTP,0,20140129,145936,4188,40
OTP,0,20140129,145936,4190,100
OTP,0,20140129,145938,4190,100
OTP,0,20140129,145939,4185,10
OTP,0,20140129,145939,4182,16
OTP,0,20140129,145942,4190,1194
OTP,0,20140129,145946,4182,100
OTP,0,20140129,145946,4181,110
OTP,0,20140129,145946,4180,1290
OTP,0,20140129,145947,4180,300
OTP,0,20140129,145947,4176,10
OTP,0,20140129,145947,4175,1190
OTP,0,20140129,145949,4175,1810
OTP,0,20140129,150000,4173,2098
OTP,0,20140129,150001,4188,2600
OTP,0,20140129,150001,4189,3743
OTP,0,20140129,150001,4190,3657
OTP,0,20140129,150002,4173,932
OTP,0,20140129,150003,4172,122
OTP,0,20140129,150003,4172,128
OTP,0,20140129,150006,4173,2000
OTP,0,20140129,150007,4171,170
OTP,0,20140129,150007,4170,1082
OTP,0,20140129,150008,4173,700
OTP,0,20140129,150010,4170,678
OTP,0,20140129,150010,4170,600
OTP,0,20140129,150011,4170,143
OTP,0,20140129,150012,4170,1187
OTP,0,20140129,150012,4173,313
OTP,0,20140129,150020,4168,150
OTP,0,20140129,150022,4173,50
OTP,0,20140129,150033,4170,762
OTP,0,20140129,150034,4167,60
OTP,0,20140129,150036,4167,40
OTP,0,20140129,150045,4168,1000
OTP,0,20140129,150045,4166,650
OTP,0,20140129,150045,4165,100
OTP,0,20140129,150051,4166,6
OTP,0,20140129,150051,4166,8
OTP,0,20140129,150051,4166,1434
OTP,0,20140129,150054,4173,66
OTP,0,20140129,150058,4170,50
OTP,0,20140129,150058,4165,200
OTP,0,20140129,150107,4180,200
OTP,0,20140129,150108,4175,1500
OTP,0,20140129,150110,4165,734
OTP,0,20140129,150113,4174,100
OTP,0,20140129,150115,4165,25
OTP,0,20140129,150119,4166,30
OTP,0,20140129,150119,4162,500
OTP,0,20140129,150119,4160,145
OTP,0,20140129,150119,4158,30
OTP,0,20140129,150119,4157,70
OTP,0,20140129,150121,4170,300
OTP,0,20140129,150123,4170,1500
OTP,0,20140129,150123,4170,1500
OTP,0,20140129,150123,4170,1500
OTP,0,20140129,150123,4170,200
OTP,0,20140129,150123,4156,520
OTP,0,20140129,150123,4155,780
OTP,0,20140129,150127,4162,5000
OTP,0,20140129,150135,4157,3000
OTP,0,20140129,150135,4155,2743
OTP,0,20140129,150141,4155,1500
OTP,0,20140129,150141,4153,1000
OTP,0,20140129,150144,4155,2052
OTP,0,20140129,150147,4170,1007
OTP,0,20140129,150149,4156,500
OTP,0,20140129,150156,4168,100
OTP,0,20140129,150157,4169,157
OTP,0,20140129,150200,4163,112
OTP,0,20140129,150205,4167,50
OTP,0,20140129,150207,4163,888
OTP,0,20140129,150207,4160,80
OTP,0,20140129,150212,4160,20
OTP,0,20140129,150212,4160,300
OTP,0,20140129,150216,4160,1000
OTP,0,20140129,150219,4156,948
OTP,0,20140129,150221,4155,421
OTP,0,20140129,150221,4153,735
OTP,0,20140129,150221,4152,5967
OTP,0,20140129,150221,4151,6294
OTP,0,20140129,150221,4150,39644
OTP,0,20140129,150221,4149,20
OTP,0,20140129,150221,4149,80
OTP,0,20140129,150221,4148,20
OTP,0,20140129,150223,4150,4
OTP,0,20140129,150226,4150,50
OTP,0,20140129,150227,4148,80
OTP,0,20140129,150229,4149,500
OTP,0,20140129,150231,4147,16
OTP,0,20140129,150231,4149,477
OTP,0,20140129,150233,4146,20
OTP,0,20140129,150233,4145,1064
OTP,0,20140129,150236,4145,29
OTP,0,20140129,150238,4144,100
OTP,0,20140129,150241,4145,152
OTP,0,20140129,150242,4145,335
OTP,0,20140129,150243,4141,888
OTP,0,20140129,150243,4140,612
OTP,0,20140129,150245,4140,36
OTP,0,20140129,150249,4138,40
OTP,0,20140129,150249,4137,500
OTP,0,20140129,150249,4140,291
OTP,0,20140129,150251,4140,20
OTP,0,20140129,150255,4138,30
OTP,0,20140129,150256,4140,1070
OTP,0,20140129,150302,4136,200
OTP,0,20140129,150304,4140,1295
OTP,0,20140129,150306,4148,20
OTP,0,20140129,150306,4149,40
OTP,0,20140129,150308,4149,50
OTP,0,20140129,150314,4140,305
OTP,0,20140129,150322,4148,10
OTP,0,20140129,150325,4140,1212
OTP,0,20140129,150325,4136,1288
OTP,0,20140129,150330,4147,114
OTP,0,20140129,150334,4141,96
OTP,0,20140129,150352,4140,150
OTP,0,20140129,150353,4145,31
OTP,0,20140129,150356,4144,400
OTP,0,20140129,150358,4137,100
OTP,0,20140129,150408,4137,250
OTP,0,20140129,150410,4137,20
OTP,0,20140129,150412,4136,223
OTP,0,20140129,150413,4137,80
OTP,0,20140129,150413,4139,271
OTP,0,20140129,150413,4140,2649
OTP,0,20140129,150424,4135,1150
OTP,0,20140129,150424,4133,50
OTP,0,20140129,150424,4132,50
OTP,0,20140129,150431,4135,20
OTP,0,20140129,150432,4138,490
OTP,0,20140129,150432,4139,405
OTP,0,20140129,150437,4139,100
OTP,0,20140129,150437,4136,230
OTP,0,20140129,150438,4139,25
OTP,0,20140129,150439,4132,50
OTP,0,20140129,150455,4138,1777
OTP,0,20140129,150455,4139,223
OTP,0,20140129,150457,4138,259
OTP,0,20140129,150457,4139,1097
OTP,0,20140129,150457,4140,144
OTP,0,20140129,150457,4140,1500
OTP,0,20140129,150457,4132,1500
OTP,0,20140129,150503,4140,882
OTP,0,20140129,150510,4140,85
OTP,0,20140129,150517,4140,533
OTP,0,20140129,150519,4145,2000
OTP,0,20140129,150520,4145,170
OTP,0,20140129,150522,4145,100
OTP,0,20140129,150531,4139,10
OTP,0,20140129,150531,4135,40
OTP,0,20140129,150534,4140,100
OTP,0,20140129,150539,4145,200
OTP,0,20140129,150542,4145,180
OTP,0,20140129,150551,4145,150
OTP,0,20140129,150551,4140,3020
OTP,0,20140129,150553,4140,233
OTP,0,20140129,150553,4140,167
OTP,0,20140129,150554,4145,300
OTP,0,20140129,150610,4140,4524
OTP,0,20140129,150610,4137,1100
OTP,0,20140129,150612,4136,400
OTP,0,20140129,150620,4145,1100
OTP,0,20140129,150620,4148,2100
OTP,0,20140129,150620,4149,1933
OTP,0,20140129,150620,4150,2267
OTP,0,20140129,150621,4142,70
OTP,0,20140129,150622,4138,400
OTP,0,20140129,150628,4137,1500
OTP,0,20140129,150629,4136,1421
OTP,0,20140129,150641,4145,1232
OTP,0,20140129,150641,4149,695
OTP,0,20140129,150645,4140,148
OTP,0,20140129,150650,4140,2000
OTP,0,20140129,150655,4140,100
OTP,0,20140129,150700,4140,20
OTP,0,20140129,150700,4140,3160
OTP,0,20140129,150702,4140,1085
OTP,0,20140129,150704,4140,6255
OTP,0,20140129,150706,4140,1500
OTP,0,20140129,150710,4140,1500
OTP,0,20140129,150710,4138,100
OTP,0,20140129,150710,4137,880
OTP,0,20140129,150712,4139,490
OTP,0,20140129,150712,4139,110
OTP,0,20140129,150712,4140,2390
OTP,0,20140129,150712,4140,100
OTP,0,20140129,150713,4140,2000
OTP,0,20140129,150713,4140,2000
OTP,0,20140129,150715,4137,4
OTP,0,20140129,150715,4140,2000
OTP,0,20140129,150716,4140,2000
OTP,0,20140129,150716,4140,250
OTP,0,20140129,150716,4137,616
OTP,0,20140129,150717,4138,20
OTP,0,20140129,150720,4137,20
OTP,0,20140129,150720,4136,2379
OTP,0,20140129,150720,4138,200
OTP,0,20140129,150723,4135,4569
OTP,0,20140129,150724,4140,20
OTP,0,20140129,150729,4133,650
OTP,0,20140129,150729,4132,850
OTP,0,20140129,150729,4132,1500
OTP,0,20140129,150730,4132,1050
OTP,0,20140129,150730,4131,450
OTP,0,20140129,150730,4131,1500
OTP,0,20140129,150730,4131,1500
OTP,0,20140129,150730,4131,945
OTP,0,20140129,150730,4130,555
OTP,0,20140129,150733,4130,5000
OTP,0,20140129,150738,4129,200
OTP,0,20140129,150738,4126,26
OTP,0,20140129,150738,4125,64
OTP,0,20140129,150742,4125,392
OTP,0,20140129,150742,4130,31
OTP,0,20140129,150746,4123,15
OTP,0,20140129,150746,4122,35
OTP,0,20140129,150747,4122,127
OTP,0,20140129,150748,4122,560
OTP,0,20140129,150755,4120,200
OTP,0,20140129,150756,4120,3130
OTP,0,20140129,150758,4120,446
OTP,0,20140129,150759,4120,10
OTP,0,20140129,150801,4120,150
OTP,0,20140129,150802,4117,500
OTP,0,20140129,150802,4120,1394
OTP,0,20140129,150802,4129,106
OTP,0,20140129,150808,4129,713
OTP,0,20140129,150809,4116,220
OTP,0,20140129,150813,4129,50
OTP,0,20140129,150815,4129,445
OTP,0,20140129,150817,4129,100
OTP,0,20140129,150821,4125,2000
OTP,0,20140129,150826,4128,231
OTP,0,20140129,150839,4120,122
OTP,0,20140129,150842,4120,593
OTP,0,20140129,150853,4120,10
OTP,0,20140129,150857,4120,100
OTP,0,20140129,150858,4116,206
OTP,0,20140129,150901,4120,2351
OTP,0,20140129,150905,4120,20
OTP,0,20140129,150907,4120,20
OTP,0,20140129,150908,4120,300
OTP,0,20140129,150909,4120,530
OTP,0,20140129,150910,4120,20
OTP,0,20140129,150912,4120,80
OTP,0,20140129,150913,4120,125
OTP,0,20140129,150913,4115,526
OTP,0,20140129,150917,4120,50
OTP,0,20140129,150918,4120,50
OTP,0,20140129,150925,4119,500
OTP,0,20140129,150925,4120,871
OTP,0,20140129,150925,4121,70
OTP,0,20140129,150926,4120,629
OTP,0,20140129,150929,4119,270
OTP,0,20140129,150930,4115,100
OTP,0,20140129,150932,4114,80
OTP,0,20140129,150937,4119,446
OTP,0,20140129,150942,4119,451
OTP,0,20140129,150942,4120,49
OTP,0,20140129,150950,4120,1500
OTP,0,20140129,150957,4120,480
OTP,0,20140129,150958,4122,30
OTP,0,20140129,150959,4120,20
OTP,0,20140129,151002,4122,100
OTP,0,20140129,151004,4122,250
OTP,0,20140129,151004,4123,50
OTP,0,20140129,151013,4120,85
OTP,0,20140129,151016,4120,915
OTP,0,20140129,151019,4122,1000
OTP,0,20140129,151025,4122,1308
OTP,0,20140129,151025,4123,310
OTP,0,20140129,151025,4125,382
OTP,0,20140129,151029,4125,242
OTP,0,20140129,151049,4125,100
OTP,0,20140129,151051,4125,300
OTP,0,20140129,151057,4125,300
OTP,0,20140129,151102,4126,1396
OTP,0,20140129,151103,4126,300
OTP,0,20140129,151103,4126,728
OTP,0,20140129,151103,4127,772
OTP,0,20140129,151106,4127,318
OTP,0,20140129,151110,4129,636
OTP,0,20140129,151110,4130,864
OTP,0,20140129,151114,4130,40
OTP,0,20140129,151120,4130,905
OTP,0,20140129,151132,4130,225
OTP,0,20140129,151136,4133,70
OTP,0,20140129,151143,4133,20
OTP,0,20140129,151149,4133,1408
OTP,0,20140129,151149,4135,92
OTP,0,20140129,151152,4135,258
OTP,0,20140129,151152,4138,390
OTP,0,20140129,151152,4140,852
OTP,0,20140129,151153,4135,50
OTP,0,20140129,151156,4133,15
OTP,0,20140129,151200,4135,100
OTP,0,20140129,151201,4135,218
OTP,0,20140129,151201,4140,482
OTP,0,20140129,151208,4135,20
OTP,0,20140129,151208,4133,12
OTP,0,20140129,151208,4130,3452
OTP,0,20140129,151218,4130,200
OTP,0,20140129,151219,4130,366
OTP,0,20140129,151235,4130,949
OTP,0,20140129,151248,4134,330
OTP,0,20140129,151251,4137,50
OTP,0,20140129,151252,4137,230
OTP,0,20140129,151255,4138,570
OTP,0,20140129,151258,4138,10
OTP,0,20140129,151306,4138,88
OTP,0,20140129,151306,4139,300
OTP,0,20140129,151306,4140,166
OTP,0,20140129,151306,4141,430
OTP,0,20140129,151306,4143,600
OTP,0,20140129,151306,4144,416
OTP,0,20140129,151307,4144,4
OTP,0,20140129,151325,4140,180
OTP,0,20140129,151328,4138,55
OTP,0,20140129,151342,4138,75
OTP,0,20140129,151344,4138,500
OTP,0,20140129,151346,4135,100
OTP,0,20140129,151347,4138,20
OTP,0,20140129,151358,4138,73
OTP,0,20140129,151359,4138,40
OTP,0,20140129,151401,4138,294
OTP,0,20140129,151401,4139,706
OTP,0,20140129,151401,4139,10
OTP,0,20140129,151401,4139,84
OTP,0,20140129,151401,4140,1320
OTP,0,20140129,151401,4145,96
OTP,0,20140129,151407,4139,33
OTP,0,20140129,151417,4139,400
OTP,0,20140129,151444,4139,383
OTP,0,20140129,151447,4140,500
OTP,0,20140129,151454,4136,100
OTP,0,20140129,151536,4140,160
OTP,0,20140129,151550,4140,100
OTP,0,20140129,151558,4140,100
OTP,0,20140129,151614,4140,120
OTP,0,20140129,151615,4140,4
OTP,0,20140129,151628,4140,300
OTP,0,20140129,151628,4140,266
OTP,0,20140129,151628,4145,134
OTP,0,20140129,151632,4140,395
OTP,0,20140129,151632,4145,605
OTP,0,20140129,151639,4145,50
OTP,0,20140129,151651,4145,80
OTP,0,20140129,151651,4146,360
OTP,0,20140129,151651,4147,1979
OTP,0,20140129,151656,4145,300
OTP,0,20140129,151656,4147,417
OTP,0,20140129,151659,4147,730
OTP,0,20140129,151659,4149,420
OTP,0,20140129,151718,4149,200
OTP,0,20140129,151722,4149,675
OTP,0,20140129,151722,4150,89
OTP,0,20140129,151729,4149,1532
OTP,0,20140129,151729,4150,2668
OTP,0,20140129,151732,4149,875
OTP,0,20140129,151732,4150,239
OTP,0,20140129,151734,4150,2386
OTP,0,20140129,151735,4150,449
OTP,0,20140129,151738,4151,360
OTP,0,20140129,151740,4154,380
OTP,0,20140129,151741,4154,515
OTP,0,20140129,151746,4154,214
OTP,0,20140129,151747,4157,25
OTP,0,20140129,151751,4154,86
OTP,0,20140129,151752,4150,2360
OTP,0,20140129,151756,4145,25
OTP,0,20140129,151756,4140,21
OTP,0,20140129,151802,4149,875
OTP,0,20140129,151802,4150,125
OTP,0,20140129,151804,4150,500
OTP,0,20140129,151808,4149,50
OTP,0,20140129,151809,4145,100
OTP,0,20140129,151812,4149,100
OTP,0,20140129,151812,4149,12
OTP,0,20140129,151821,4148,276
OTP,0,20140129,151821,4149,5425
OTP,0,20140129,151821,4150,1073
OTP,0,20140129,151821,4158,20
OTP,0,20140129,151821,4159,1690
OTP,0,20140129,151821,4160,1516
OTP,0,20140129,151822,4141,2160
OTP,0,20140129,151822,4148,40
OTP,0,20140129,151826,4148,15
OTP,0,20140129,151827,4141,50
OTP,0,20140129,151829,4148,754
OTP,0,20140129,151829,4149,121
OTP,0,20140129,151832,4149,269
OTP,0,20140129,151832,4150,315
OTP,0,20140129,151832,4151,291
OTP,0,20140129,151832,4148,20
OTP,0,20140129,151847,4148,1000
OTP,0,20140129,151847,4148,35
OTP,0,20140129,151849,4148,20
OTP,0,20140129,151931,4141,250
OTP,0,20140129,151931,4140,3250
OTP,0,20140129,151931,4140,3202
OTP,0,20140129,151932,4137,1000
OTP,0,20140129,151936,4140,1000
OTP,0,20140129,151945,4136,123
OTP,0,20140129,151945,4135,752
OTP,0,20140129,152000,4139,100
OTP,0,20140129,152006,4139,150
OTP,0,20140129,152014,4139,250
OTP,0,20140129,152014,4140,530
OTP,0,20140129,152026,4139,29
OTP,0,20140129,152028,4139,92
OTP,0,20140129,152032,4135,700
OTP,0,20140129,152038,4135,100
OTP,0,20140129,152047,4139,50
OTP,0,20140129,152052,4139,1000
OTP,0,20140129,152107,4139,609
OTP,0,20140129,152114,4139,1016
OTP,0,20140129,152114,4140,100
OTP,0,20140129,152114,4140,4
OTP,0,20140129,152114,4139,984
OTP,0,20140129,152115,4139,130
OTP,0,20140129,152115,4140,132
OTP,0,20140129,152122,4140,400
OTP,0,20140129,152123,4140,8193
OTP,0,20140129,152123,4140,620
OTP,0,20140129,152123,4140,1187
OTP,0,20140129,152123,4135,119
OTP,0,20140129,152129,4140,710
OTP,0,20140129,152129,4140,500
OTP,0,20140129,152130,4140,396
OTP,0,20140129,152130,4143,40
OTP,0,20140129,152131,4140,2500
OTP,0,20140129,152133,4141,2000
OTP,0,20140129,152133,4140,121
OTP,0,20140129,152137,4140,773
OTP,0,20140129,152137,4143,1495
OTP,0,20140129,152141,4145,320
OTP,0,20140129,152145,4146,715
OTP,0,20140129,152149,4145,200
OTP,0,20140129,152151,4146,1590
OTP,0,20140129,152201,4147,100
OTP,0,20140129,152203,4147,775
OTP,0,20140129,152203,4148,504
OTP,0,20140129,152203,4149,760
OTP,0,20140129,152203,4150,4485
OTP,0,20140129,152205,4150,1149
OTP,0,20140129,152206,4150,429
OTP,0,20140129,152207,4150,1898
OTP,0,20140129,152209,4150,100
OTP,0,20140129,152211,4150,3000
OTP,0,20140129,152217,4150,1115
OTP,0,20140129,152221,4150,1295
OTP,0,20140129,152226,4150,500
OTP,0,20140129,152230,4150,10
OTP,0,20140129,152233,4150,1780
OTP,0,20140129,152233,4150,220
OTP,0,20140129,152247,4150,200
OTP,0,20140129,152251,4154,2193
OTP,0,20140129,152254,4154,622
OTP,0,20140129,152254,4154,813
OTP,0,20140129,152304,4154,565
OTP,0,20140129,152304,4152,5000
OTP,0,20140129,152304,4155,200
OTP,0,20140129,152305,4155,1000
OTP,0,20140129,152307,4155,300
OTP,0,20140129,152308,4155,875
OTP,0,20140129,152308,4155,613
OTP,0,20140129,152310,4155,187
OTP,0,20140129,152311,4151,1094
OTP,0,20140129,152311,4151,906
OTP,0,20140129,152311,4152,100
OTP,0,20140129,152312,4152,713
OTP,0,20140129,152315,4157,440
OTP,0,20140129,152319,4158,661
OTP,0,20140129,152322,4155,875
OTP,0,20140129,152322,4152,287
OTP,0,20140129,152322,4150,1838
OTP,0,20140129,152324,4158,875
OTP,0,20140129,152325,4158,372
OTP,0,20140129,152339,4158,523
OTP,0,20140129,152347,4158,1000
OTP,0,20140129,152348,4158,852
OTP,0,20140129,152352,4159,1000
OTP,0,20140129,152352,4159,672
OTP,0,20140129,152352,4160,203
OTP,0,20140129,152358,4160,875
OTP,0,20140129,152403,4160,1157
OTP,0,20140129,152403,4161,320
OTP,0,20140129,152403,4162,400
OTP,0,20140129,152438,4164,70
OTP,0,20140129,152441,4165,1998
OTP,0,20140129,152444,4163,80
OTP,0,20140129,152446,4163,100
OTP,0,20140129,152446,4162,123
OTP,0,20140129,152458,4163,20
OTP,0,20140129,152504,4163,900
OTP,0,20140129,152506,4160,250
OTP,0,20140129,152509,4163,825
OTP,0,20140129,152515,4160,47
OTP,0,20140129,152518,4160,150
OTP,0,20140129,152521,4160,803
OTP,0,20140129,152522,4163,45
OTP,0,20140129,152527,4163,100
OTP,0,20140129,152533,4163,378
OTP,0,20140129,152533,4166,622
OTP,0,20140129,152542,4165,197
OTP,0,20140129,152556,4165,14
OTP,0,20140129,152557,4165,1066
OTP,0,20140129,152614,4160,874
OTP,0,20140129,152622,4165,2262
OTP,0,20140129,152623,4160,844
OTP,0,20140129,152625,4160,410
OTP,0,20140129,152626,4161,150
OTP,0,20140129,152630,4161,220
OTP,0,20140129,152633,4163,405
OTP,0,20140129,152634,4160,110
OTP,0,20140129,152635,4160,10
OTP,0,20140129,152637,4160,880
OTP,0,20140129,152637,4160,10
OTP,0,20140129,152645,4163,1492
OTP,0,20140129,152646,4163,62
OTP,0,20140129,152701,4165,1060
OTP,0,20140129,152702,4163,136
OTP,0,20140129,152709,4162,60
OTP,0,20140129,152721,4163,30
OTP,0,20140129,152723,4163,525
OTP,0,20140129,152726,4164,50
OTP,0,20140129,152729,4165,1000
OTP,0,20140129,152735,4165,874
OTP,0,20140129,152752,4165,478
OTP,0,20140129,152753,4165,20
OTP,0,20140129,152757,4165,638
OTP,0,20140129,152807,4165,1500
OTP,0,20140129,152828,4165,600
OTP,0,20140129,152829,4165,1468
OTP,0,20140129,152831,4166,125
OTP,0,20140129,152833,4166,68
OTP,0,20140129,152848,4165,438
OTP,0,20140129,152849,4165,104
OTP,0,20140129,152853,4166,200
OTP,0,20140129,152902,4166,519
OTP,0,20140129,152906,4163,448
OTP,0,20140129,152906,4166,30
OTP,0,20140129,152913,4166,222
OTP,0,20140129,152916,4166,3
OTP,0,20140129,152919,4166,25
OTP,0,20140129,152924,4165,1500
OTP,0,20140129,152924,4165,150
OTP,0,20140129,152928,4162,173
OTP,0,20140129,152939,4163,320
OTP,0,20140129,152939,4164,200
OTP,0,20140129,152939,4165,870
OTP,0,20140129,152942,4163,25
OTP,0,20140129,152949,4163,300
OTP,0,20140129,152949,4160,20
OTP,0,20140129,153000,4163,100
OTP,0,20140129,153029,4163,300
OTP,0,20140129,153034,4160,125
OTP,0,20140129,153035,4160,50
OTP,0,20140129,153035,4160,269
OTP,0,20140129,153046,4158,23
OTP,0,20140129,153048,4155,1024
OTP,0,20140129,153055,4152,895
OTP,0,20140129,153056,4152,267
OTP,0,20140129,153057,4151,500
OTP,0,20140129,153059,4150,13000
OTP,0,20140129,153100,4150,9062
OTP,0,20140129,153100,4160,2356
OTP,0,20140129,153100,4160,68
OTP,0,20140129,153101,4150,7703
OTP,0,20140129,153106,4150,275
OTP,0,20140129,153134,4149,10
OTP,0,20140129,153205,4149,50
OTP,0,20140129,153211,4141,398
OTP,0,20140129,153211,4147,2000
OTP,0,20140129,153227,4147,300
OTP,0,20140129,153231,4141,50
OTP,0,20140129,153238,4141,70
OTP,0,20140129,153241,4141,1787
OTP,0,20140129,153245,4149,10
OTP,0,20140129,153252,4149,100
OTP,0,20140129,153254,4149,308
OTP,0,20140129,153254,4150,2552
OTP,0,20140129,153258,4150,940
OTP,0,20140129,153303,4141,213
OTP,0,20140129,153307,4150,20
OTP,0,20140129,153310,4145,3
OTP,0,20140129,153314,4142,160
OTP,0,20140129,153321,4142,100
OTP,0,20140129,153325,4149,100
OTP,0,20140129,153325,4149,358
OTP,0,20140129,153326,4150,242
OTP,0,20140129,153326,4141,602
OTP,0,20140129,153329,4140,1210
OTP,0,20140129,153333,4138,319
OTP,0,20140129,153333,4138,81
OTP,0,20140129,153333,4137,50
OTP,0,20140129,153333,4136,269
OTP,0,20140129,153355,4149,50
OTP,0,20140129,153357,4148,14
OTP,0,20140129,153359,4149,145
OTP,0,20140129,153412,4149,17
OTP,0,20140129,153412,4140,100
OTP,0,20140129,153412,4136,160
OTP,0,20140129,153417,4149,300
OTP,0,20140129,153418,4149,179
OTP,0,20140129,153449,4149,387
OTP,0,20140129,153449,4150,1340
OTP,0,20140129,153454,4150,273
OTP,0,20140129,153523,4151,105
OTP,0,20140129,153539,4151,245
OTP,0,20140129,153539,4152,55
OTP,0,20140129,153542,4152,20
OTP,0,20140129,153550,4152,385
OTP,0,20140129,153550,4153,500
OTP,0,20140129,153550,4155,615
OTP,0,20140129,153554,4155,320
OTP,0,20140129,153628,4155,50
OTP,0,20140129,153629,4150,500
OTP,0,20140129,153632,4155,38
OTP,0,20140129,153643,4155,50
OTP,0,20140129,153703,4155,434
OTP,0,20140129,153707,4155,1566
OTP,0,20140129,153715,4150,844
OTP,0,20140129,153722,4150,25
OTP,0,20140129,153726,4150,30
OTP,0,20140129,153739,4150,1723
OTP,0,20140129,153739,4151,320
OTP,0,20140129,153739,4154,357
OTP,0,20140129,153756,4153,686
OTP,0,20140129,153800,4150,741
OTP,0,20140129,153805,4150,759
OTP,0,20140129,153811,4151,1241
OTP,0,20140129,153833,4154,100
OTP,0,20140129,153835,4154,80
OTP,0,20140129,153843,4154,63
OTP,0,20140129,153843,4155,337
OTP,0,20140129,153901,4150,100
OTP,0,20140129,153904,4152,200
OTP,0,20140129,153904,4153,150
OTP,0,20140129,153904,4150,200
OTP,0,20140129,153915,4152,508
OTP,0,20140129,153922,4153,350
OTP,0,20140129,153922,4155,1493
OTP,0,20140129,153922,4156,157
OTP,0,20140129,153937,4156,10
OTP,0,20140129,153959,4150,10
OTP,0,20140129,153959,4149,11
OTP,0,20140129,153959,4147,220
OTP,0,20140129,153959,4145,260
OTP,0,20140129,153959,4143,186
OTP,0,20140129,153959,4142,249
OTP,0,20140129,153959,4141,64
OTP,0,20140129,154007,4150,2000
OTP,0,20140129,154011,4156,593
OTP,0,20140129,154011,4158,307
OTP,0,20140129,154014,4158,1226
OTP,0,20140129,154026,4155,50
OTP,0,20140129,154026,4152,550
OTP,0,20140129,154032,4158,32
OTP,0,20140129,154032,4159,348
OTP,0,20140129,154035,4159,275
OTP,0,20140129,154035,4160,1000
OTP,0,20140129,154035,4163,25
OTP,0,20140129,154036,4163,40
OTP,0,20140129,154039,4160,225
OTP,0,20140129,154043,4152,50
OTP,0,20140129,154046,4151,725
OTP,0,20140129,154102,4160,24
OTP,0,20140129,154104,4160,150
OTP,0,20140129,154110,4160,946
OTP,0,20140129,154127,4160,54
OTP,0,20140129,154128,4160,200
OTP,0,20140129,154141,4161,82
OTP,0,20140129,154146,4160,200
OTP,0,20140129,154159,4161,288
OTP,0,20140129,154205,4162,100
OTP,0,20140129,154230,4162,182
OTP,0,20140129,154250,4162,576
OTP,0,20140129,154250,4165,424
OTP,0,20140129,154251,4165,476
OTP,0,20140129,154312,4168,1920
OTP,0,20140129,154320,4169,20
OTP,0,20140129,154330,4169,1340
OTP,0,20140129,154330,4170,440
OTP,0,20140129,154330,4172,20
OTP,0,20140129,154330,4173,200
OTP,0,20140129,154345,4173,20
OTP,0,20140129,154350,4173,220
OTP,0,20140129,154350,4174,340
OTP,0,20140129,154358,4174,4
OTP,0,20140129,154404,4174,2000
OTP,0,20140129,154407,4174,11
OTP,0,20140129,154414,4175,300
OTP,0,20140129,154418,4175,500
OTP,0,20140129,154423,4174,1714
OTP,0,20140129,154424,4175,100
OTP,0,20140129,154432,4175,50
OTP,0,20140129,154457,4173,300
OTP,0,20140129,154457,4175,100
OTP,0,20140129,154500,4175,100
OTP,0,20140129,154501,4175,7
OTP,0,20140129,154507,4175,732
OTP,0,20140129,154516,4176,707
OTP,0,20140129,154516,4177,561
OTP,0,20140129,154517,4176,93
OTP,0,20140129,154518,4177,645
OTP,0,20140129,154518,4178,105
OTP,0,20140129,154528,4178,195
OTP,0,20140129,154528,4179,622
OTP,0,20140129,154528,4175,768
OTP,0,20140129,154533,4175,30
OTP,0,20140129,154538,4175,899
OTP,0,20140129,154539,4175,155
OTP,0,20140129,154541,4175,148
OTP,0,20140129,154541,4179,1490
OTP,0,20140129,154541,4180,4019
OTP,0,20140129,154549,4175,717
OTP,0,20140129,154550,4175,972
OTP,0,20140129,154551,4175,311
OTP,0,20140129,154552,4180,704
OTP,0,20140129,154555,4180,58
OTP,0,20140129,154602,4179,706
OTP,0,20140129,154607,4179,500
OTP,0,20140129,154613,4179,294
OTP,0,20140129,154613,4180,1019
OTP,0,20140129,154622,4180,2200
OTP,0,20140129,154623,4180,300
OTP,0,20140129,154624,4180,776
OTP,0,20140129,154628,4182,350
OTP,0,20140129,154628,4183,410
OTP,0,20140129,154628,4184,390
OTP,0,20140129,154628,4185,1850
OTP,0,20140129,154651,4180,30
OTP,0,20140129,154654,4185,100
OTP,0,20140129,154655,4180,500
OTP,0,20140129,154657,4185,20
OTP,0,20140129,154700,4185,1500
OTP,0,20140129,154701,4180,494
OTP,0,20140129,154704,4185,450
OTP,0,20140129,154709,4180,200
OTP,0,20140129,154717,4185,243
OTP,0,20140129,154719,4185,285
OTP,0,20140129,154720,4185,75
OTP,0,20140129,154736,4186,35
OTP,0,20140129,154738,4186,400
OTP,0,20140129,154746,4186,100
OTP,0,20140129,154811,4186,50
OTP,0,20140129,154822,4186,299
OTP,0,20140129,154839,4186,20
OTP,0,20140129,154841,4186,390
OTP,0,20140129,154841,4185,890
OTP,0,20140129,154842,4185,500
OTP,0,20140129,154851,4184,1000
OTP,0,20140129,154854,4185,80
OTP,0,20140129,154857,4185,25
OTP,0,20140129,154858,4185,500
OTP,0,20140129,154905,4184,15
OTP,0,20140129,154911,4184,185
OTP,0,20140129,154914,4185,416
OTP,0,20140129,154923,4183,1840
OTP,0,20140129,154923,4181,1000
OTP,0,20140129,154923,4180,300
OTP,0,20140129,154924,4180,230
OTP,0,20140129,154932,4180,4500
OTP,0,20140129,154937,4180,50
OTP,0,20140129,154958,4178,200
OTP,0,20140129,155000,4178,1668
OTP,0,20140129,155000,4179,100
OTP,0,20140129,155000,4180,232
OTP,0,20140129,155013,4180,1280
OTP,0,20140129,155032,4178,120
OTP,0,20140129,155032,4178,1
OTP,0,20140129,155034,4178,2300
OTP,0,20140129,155037,4178,30
OTP,0,20140129,155041,4178,1214
OTP,0,20140129,155041,4179,786
OTP,0,20140129,155045,4179,50
OTP,0,20140129,155054,4179,100
OTP,0,20140129,155119,4176,10
OTP,0,20140129,155119,4175,1511
OTP,0,20140129,155130,4173,200
OTP,0,20140129,155132,4172,3232
OTP,0,20140129,155132,4171,70
OTP,0,20140129,155141,4175,30
OTP,0,20140129,155141,4170,2332
OTP,0,20140129,155151,4173,400
OTP,0,20140129,155156,4170,3000
OTP,0,20140129,155209,4170,150
OTP,0,20140129,155217,4170,2000
OTP,0,20140129,155224,4169,360
OTP,0,20140129,155228,4170,2000
OTP,0,20140129,155229,4170,984
OTP,0,20140129,155233,4172,1515
OTP,0,20140129,155247,4172,200
OTP,0,20140129,155248,4172,150
OTP,0,20140129,155249,4172,150
OTP,0,20140129,155253,4172,350
OTP,0,20140129,155305,4172,500
OTP,0,20140129,155311,4173,1451
OTP,0,20140129,155314,4174,600
OTP,0,20140129,155314,4175,400
OTP,0,20140129,155318,4175,240
OTP,0,20140129,155319,4170,400
OTP,0,20140129,155323,4175,773
OTP,0,20140129,155331,4175,3000
OTP,0,20140129,155339,4175,238
OTP,0,20140129,155344,4177,600
OTP,0,20140129,155346,4171,39
OTP,0,20140129,155411,4175,1000
OTP,0,20140129,155415,4175,1121
OTP,0,20140129,155415,4178,79
OTP,0,20140129,155437,4175,2000
OTP,0,20140129,155503,4175,20
OTP,0,20140129,155521,4174,170
OTP,0,20140129,155536,4174,58
OTP,0,20140129,155536,4174,291
OTP,0,20140129,155551,4174,281
OTP,0,20140129,155552,4174,9
OTP,0,20140129,155602,4174,350
OTP,0,20140129,155612,4174,500
OTP,0,20140129,155623,4174,450
OTP,0,20140129,155623,4175,350
OTP,0,20140129,155625,4175,1500
OTP,0,20140129,155702,4174,28
OTP,0,20140129,155711,4172,200
OTP,0,20140129,155712,4174,5
OTP,0,20140129,155733,4174,400
OTP,0,20140129,155750,4173,15
OTP,0,20140129,155835,4171,568
OTP,0,20140129,155836,4173,1000
OTP,0,20140129,155839,4172,400
OTP,0,20140129,155842,4173,250
OTP,0,20140129,155851,4173,360
OTP,0,20140129,155851,4174,330
OTP,0,20140129,155851,4175,1448
OTP,0,20140129,155853,4175,840
OTP,0,20140129,155853,4175,1204
OTP,0,20140129,155854,4175,2518
OTP,0,20140129,155912,4176,1768
OTP,0,20140129,155913,4176,232
OTP,0,20140129,155937,4177,120
OTP,0,20140129,155955,4177,240
OTP,0,20140129,155955,4178,321
OTP,0,20140129,155957,4178,139
OTP,0,20140129,160008,4179,500
OTP,0,20140129,160009,4175,500
OTP,0,20140129,160030,4178,2525
OTP,0,20140129,160030,4175,269
OTP,0,20140129,160034,4178,337
OTP,0,20140129,160101,4177,39
OTP,0,20140129,160101,4178,30
OTP,0,20140129,160101,4179,931
OTP,0,20140129,160105,4177,3065
OTP,0,20140129,160112,4179,20
OTP,0,20140129,160113,4179,3292
OTP,0,20140129,160117,4180,408
OTP,0,20140129,160130,4179,200
OTP,0,20140129,160142,4178,345
OTP,0,20140129,160155,4178,2355
OTP,0,20140129,160155,4179,3800
OTP,0,20140129,160155,4180,1785
OTP,0,20140129,160201,4178,1000
OTP,0,20140129,160213,4178,743
OTP,0,20140129,160214,4178,700
OTP,0,20140129,160218,4178,1000
OTP,0,20140129,160231,4180,300
OTP,0,20140129,160237,4180,123
OTP,0,20140129,160246,4180,426
OTP,0,20140129,160253,4176,300
OTP,0,20140129,160254,4176,10
OTP,0,20140129,160304,4176,90
OTP,0,20140129,160325,4180,2000
OTP,0,20140129,160325,4178,263
OTP,0,20140129,160326,4180,1000
OTP,0,20140129,160332,4180,600
OTP,0,20140129,160346,4180,1500
OTP,0,20140129,160347,4180,300
OTP,0,20140129,160347,4180,100
OTP,0,20140129,160348,4180,500
OTP,0,20140129,160348,4180,100
OTP,0,20140129,160349,4180,240
OTP,0,20140129,160409,4176,338
OTP,0,20140129,160409,4176,187
OTP,0,20140129,160422,4180,1500
OTP,0,20140129,160440,4180,150
OTP,0,20140129,160444,4180,1000
OTP,0,20140129,160452,4180,50
OTP,0,20140129,160506,4179,100
OTP,0,20140129,160509,4177,126
OTP,0,20140129,160514,4177,374
OTP,0,20140129,160514,4179,1400
OTP,0,20140129,160514,4180,3686
OTP,0,20140129,160515,4180,48
OTP,0,20140129,160516,4175,2863
OTP,0,20140129,160523,4180,1849
OTP,0,20140129,160525,4179,500
OTP,0,20140129,160606,4174,150
OTP,0,20140129,160607,4175,350
OTP,0,20140129,160608,4175,500
OTP,0,20140129,160609,4172,390
OTP,0,20140129,160609,4171,890
OTP,0,20140129,160609,4170,6335
OTP,0,20140129,160610,4170,684
OTP,0,20140129,160610,4170,773
OTP,0,20140129,160611,4170,2323
OTP,0,20140129,160612,4170,775
OTP,0,20140129,160613,4170,116
OTP,0,20140129,160617,4175,100
OTP,0,20140129,160619,4175,1000
OTP,0,20140129,160625,4175,830
OTP,0,20140129,160644,4174,500
OTP,0,20140129,160652,4174,700
OTP,0,20140129,160652,4176,295
OTP,0,20140129,160652,4177,370
OTP,0,20140129,160652,4178,3200
OTP,0,20140129,160652,4179,700
OTP,0,20140129,160652,4180,4735
OTP,0,20140129,160712,4174,250
OTP,0,20140129,160721,4173,6565
OTP,0,20140129,160722,4171,200
OTP,0,20140129,160722,4170,1083
OTP,0,20140129,160727,4169,1300
OTP,0,20140129,160731,4168,1139
OTP,0,20140129,160731,4165,27
OTP,0,20140129,160732,4169,330
OTP,0,20140129,160732,4170,379
OTP,0,20140129,160739,4165,1579
OTP,0,20140129,160754,4165,150
OTP,0,20140129,160754,4163,50
OTP,0,20140129,160754,4161,50
OTP,0,20140129,160757,4165,15
OTP,0,20140129,160815,4165,30
OTP,0,20140129,160825,4165,1500
OTP,0,20140129,160830,4164,4545
OTP,0,20140129,160843,4162,20
OTP,0,20140129,160844,4161,1065
OTP,0,20140129,160844,4160,1935
OTP,0,20140129,160848,4160,734
OTP,0,20140129,160848,4160,1004
OTP,0,20140129,160852,4162,15
OTP,0,20140129,160852,4160,200
OTP,0,20140129,160852,4157,100
OTP,0,20140129,160852,4162,200
OTP,0,20140129,160900,4156,779
OTP,0,20140129,160901,4156,891
OTP,0,20140129,160901,4159,50
OTP,0,20140129,160904,4159,1621
OTP,0,20140129,160913,4159,400
OTP,0,20140129,160918,4159,50
OTP,0,20140129,160921,4155,25
OTP,0,20140129,160928,4159,100
OTP,0,20140129,160928,4160,200
OTP,0,20140129,160943,4160,1204
OTP,0,20140129,160943,4160,145
OTP,0,20140129,160944,4160,390
OTP,0,20140129,160944,4160,2350
OTP,0,20140129,160949,4160,1000
OTP,0,20140129,160953,4161,2339
OTP,0,20140129,160954,4161,25
OTP,0,20140129,161002,4161,58
OTP,0,20140129,161003,4161,357
OTP,0,20140129,161004,4161,58
OTP,0,20140129,161007,4160,1000
OTP,0,20140129,161009,4162,265
OTP,0,20140129,161009,4164,360
OTP,0,20140129,161009,4165,1140
OTP,0,20140129,161015,4165,799
OTP,0,20140129,161021,4165,20
OTP,0,20140129,161047,4165,100
OTP,0,20140129,161052,4165,1401
OTP,0,20140129,161052,4166,410
OTP,0,20140129,161052,4167,5854
OTP,0,20140129,161055,4165,45
OTP,0,20140129,161104,4164,1000
OTP,0,20140129,161105,4162,50
OTP,0,20140129,161105,4161,265
OTP,0,20140129,161105,4160,2769
OTP,0,20140129,161111,4161,500
OTP,0,20140129,161112,4164,16
OTP,0,20140129,161113,4164,30
OTP,0,20140129,161128,4163,900
OTP,0,20140129,161128,4164,100
OTP,0,20140129,161134,4161,40
OTP,0,20140129,161137,4164,271
OTP,0,20140129,161144,4164,4
OTP,0,20140129,161152,4163,100
OTP,0,20140129,161156,4160,1000
OTP,0,20140129,161201,4159,36
OTP,0,20140129,161201,4160,4
OTP,0,20140129,161202,4158,472
OTP,0,20140129,161202,4158,228
OTP,0,20140129,161207,4157,500
OTP,0,20140129,161218,4156,100
OTP,0,20140129,161218,4155,2971
OTP,0,20140129,161219,4153,10
OTP,0,20140129,161220,4158,1445
OTP,0,20140129,161220,4152,500
OTP,0,20140129,161229,4151,515
OTP,0,20140129,161236,4150,741
OTP,0,20140129,161237,4150,6381
OTP,0,20140129,161242,4148,50
OTP,0,20140129,161245,4145,500
OTP,0,20140129,161246,4148,100
OTP,0,20140129,161246,4148,897
OTP,0,20140129,161249,4145,100
OTP,0,20140129,161249,4145,1356
OTP,0,20140129,161252,4148,1418
OTP,0,20140129,161252,4150,570
OTP,0,20140129,161252,4153,370
OTP,0,20140129,161252,4157,592
OTP,0,20140129,161256,4151,285
OTP,0,20140129,161256,4157,129
OTP,0,20140129,161257,4148,859
OTP,0,20140129,161315,4150,350
OTP,0,20140129,161317,4148,141
OTP,0,20140129,161331,4149,3252
OTP,0,20140129,161332,4146,20
OTP,0,20140129,161332,4150,100
OTP,0,20140129,161334,4145,781
OTP,0,20140129,161335,4145,219
OTP,0,20140129,161335,4148,781
OTP,0,20140129,161342,4145,73
OTP,0,20140129,161343,4145,200
OTP,0,20140129,161343,4145,27
OTP,0,20140129,161347,4148,219
OTP,0,20140129,161351,4149,967
OTP,0,20140129,161354,4150,1050
OTP,0,20140129,161359,4145,1000
OTP,0,20140129,161359,4143,342
OTP,0,20140129,161402,4145,25
OTP,0,20140129,161403,4145,550
OTP,0,20140129,161411,4147,3252
OTP,0,20140129,161423,4143,2354
OTP,0,20140129,161427,4147,250
OTP,0,20140129,161428,4142,300
OTP,0,20140129,161431,4141,42
OTP,0,20140129,161436,4144,18
OTP,0,20140129,161438,4144,110
OTP,0,20140129,161440,4140,9
OTP,0,20140129,161441,4144,100
OTP,0,20140129,161441,4144,272
OTP,0,20140129,161441,4145,88
OTP,0,20140129,161444,4145,800
OTP,0,20140129,161444,4145,40
OTP,0,20140129,161501,4145,100
OTP,0,20140129,161506,4145,40
OTP,0,20140129,161540,4145,100
OTP,0,20140129,161544,4145,15
OTP,0,20140129,161605,4145,848
OTP,0,20140129,161624,4146,24
OTP,0,20140129,161648,4146,50
OTP,0,20140129,161652,4146,256
OTP,0,20140129,161652,4147,440
OTP,0,20140129,161652,4148,2000
OTP,0,20140129,161714,4151,340
OTP,0,20140129,161714,4153,305
OTP,0,20140129,161714,4154,4895
OTP,0,20140129,161728,4156,40
OTP,0,20140129,161733,4151,50
OTP,0,20140129,161733,4150,5395
OTP,0,20140129,161737,4147,857
OTP,0,20140129,161739,4156,300
OTP,0,20140129,161750,4155,230
OTP,0,20140129,161807,4154,3252
OTP,0,20140129,161818,4155,102
OTP,0,20140129,161826,4155,4
OTP,0,20140129,161840,4155,20
OTP,0,20140129,161906,4156,250
OTP,0,20140129,161920,4157,310
OTP,0,20140129,161920,4160,450
OTP,0,20140129,161921,4160,240
OTP,0,20140129,161959,4161,100
OTP,0,20140129,162003,4163,312
OTP,0,20140129,162021,4163,1718
OTP,0,20140129,162027,4160,2024
OTP,0,20140129,162034,4160,1100
OTP,0,20140129,162044,4157,168
OTP,0,20140129,162100,4156,250
OTP,0,20140129,162111,4155,267
OTP,0,20140129,162114,4159,985
OTP,0,20140129,162116,4152,80
OTP,0,20140129,162119,4151,2537
OTP,0,20140129,162123,4160,250
OTP,0,20140129,162125,4150,890
OTP,0,20140129,162125,4150,516
OTP,0,20140129,162128,4160,900
OTP,0,20140129,162129,4152,10
OTP,0,20140129,162133,4160,100
OTP,0,20140129,162137,4151,400
OTP,0,20140129,162142,4150,1275
OTP,0,20140129,162143,4150,516
OTP,0,20140129,162144,4160,339
OTP,0,20140129,162147,4150,2127
OTP,0,20140129,162147,4150,517
OTP,0,20140129,162150,4150,1152
OTP,0,20140129,162221,4152,200
OTP,0,20140129,162221,4151,400
OTP,0,20140129,162227,4159,30
OTP,0,20140129,162237,4155,1000
OTP,0,20140129,162241,4155,120
OTP,0,20140129,162243,4153,150
OTP,0,20140129,162244,4159,242
OTP,0,20140129,162325,4158,150
OTP,0,20140129,162335,4158,83
OTP,0,20140129,162351,4152,1511
OTP,0,20140129,162358,4158,32
OTP,0,20140129,162401,4158,50
OTP,0,20140129,162408,4158,299
OTP,0,20140129,162408,4153,300
OTP,0,20140129,162412,4158,100
OTP,0,20140129,162422,4155,2040
OTP,0,20140129,162422,4155,710
OTP,0,20140129,162434,4157,50
OTP,0,20140129,162437,4157,20
OTP,0,20140129,162440,4157,25
OTP,0,20140129,162443,4158,250
OTP,0,20140129,162455,4158,36
OTP,0,20140129,162455,4159,380
OTP,0,20140129,162455,4160,2520
OTP,0,20140129,162456,4160,696
OTP,0,20140129,162456,4160,552
OTP,0,20140129,162458,4160,432
OTP,0,20140129,162505,4161,110
OTP,0,20140129,162517,4161,1000
OTP,0,20140129,162525,4161,100
OTP,0,20140129,162540,4160,150
OTP,0,20140129,162604,4164,36
OTP,0,20140129,162606,4162,25
OTP,0,20140129,162606,4161,100
OTP,0,20140129,162606,4160,598
OTP,0,20140129,162640,4164,1
OTP,0,20140129,162642,4164,3313
OTP,0,20140129,162647,4161,1000
OTP,0,20140129,162647,4161,547
OTP,0,20140129,162725,4164,117
OTP,0,20140129,162737,4164,883
OTP,0,20140129,162737,4165,100
OTP,0,20140129,162737,4166,100
OTP,0,20140129,162737,4167,490
OTP,0,20140129,162737,4169,275
OTP,0,20140129,162737,4170,732
OTP,0,20140129,162741,4170,578
OTP,0,20140129,162741,4170,62
OTP,0,20140129,162744,4170,50
OTP,0,20140129,162801,4169,4000
OTP,0,20140129,162802,4168,1000
OTP,0,20140129,162807,4165,503
OTP,0,20140129,162808,4165,497
OTP,0,20140129,162846,4166,150
OTP,0,20140129,162856,4168,100
OTP,0,20140129,162858,4168,1766
OTP,0,20140129,162858,4170,1305
OTP,0,20140129,162906,4171,200
OTP,0,20140129,162913,4170,1000
OTP,0,20140129,162945,4171,90
OTP,0,20140129,162949,4171,100
OTP,0,20140129,162949,4170,859
OTP,0,20140129,163017,4172,60
OTP,0,20140129,163033,4172,271
OTP,0,20140129,163039,4170,367
OTP,0,20140129,163040,4172,20
OTP,0,20140129,163041,4172,54
OTP,0,20140129,163104,4172,1012
OTP,0,20140129,163104,4174,380
OTP,0,20140129,163104,4175,584
OTP,0,20140129,163118,4175,300
OTP,0,20140129,163157,4174,465
OTP,0,20140129,163202,4170,792
OTP,0,20140129,163211,4174,200
OTP,0,20140129,163212,4174,430
OTP,0,20140129,163212,4175,616
OTP,0,20140129,163213,4175,370
OTP,0,20140129,163222,4175,26
OTP,0,20140129,163225,4179,558
OTP,0,20140129,163232,4179,30
OTP,0,20140129,163236,4175,4000
OTP,0,20140129,163238,4170,160
OTP,0,20140129,163239,4167,225
OTP,0,20140129,163249,4177,1000
OTP,0,20140129,163304,4179,80
OTP,0,20140129,163304,4180,20
OTP,0,20140129,163308,4180,665
OTP,0,20140129,163316,4179,1100
OTP,0,20140129,163317,4179,465
OTP,0,20140129,163321,4175,2000
OTP,0,20140129,163322,4171,158
OTP,0,20140129,163342,4174,719
OTP,0,20140129,163342,4175,560
OTP,0,20140129,163343,4178,144
OTP,0,20140129,163343,4175,773
OTP,0,20140129,163355,4178,456
OTP,0,20140129,163355,4179,544
OTP,0,20140129,163355,4175,948
OTP,0,20140129,163401,4179,400
OTP,0,20140129,163409,4175,2
OTP,0,20140129,163434,4179,100
OTP,0,20140129,163435,4179,132
OTP,0,20140129,163506,4179,204
OTP,0,20140129,163506,4180,6794
OTP,0,20140129,163506,4175,10
OTP,0,20140129,163506,4174,200
OTP,0,20140129,163506,4171,790
OTP,0,20140129,163512,4178,700
OTP,0,20140129,163512,4180,300
OTP,0,20140129,163533,4178,358
OTP,0,20140129,163557,4178,4
OTP,0,20140129,163605,4178,58
OTP,0,20140129,163605,4180,7010
OTP,0,20140129,163605,4173,200
OTP,0,20140129,163610,4178,440
OTP,0,20140129,163629,4178,300
OTP,0,20140129,163631,4178,323
OTP,0,20140129,163631,4180,177
OTP,0,20140129,163635,4180,200
OTP,0,20140129,163639,4180,722
OTP,0,20140129,163658,4180,100
OTP,0,20140129,163718,4179,100
OTP,0,20140129,163724,4178,80
OTP,0,20140129,163728,4179,520
OTP,0,20140129,163753,4178,100
OTP,0,20140129,163757,4178,1872
OTP,0,20140129,163757,4179,4128
OTP,0,20140129,163757,4174,1295
OTP,0,20140129,163803,4179,300
OTP,0,20140129,163821,4179,5972
OTP,0,20140129,163821,4180,76
OTP,0,20140129,163835,4179,500
OTP,0,20140129,163851,4179,1000
OTP,0,20140129,163854,4179,150
OTP,0,20140129,163901,4178,100
OTP,0,20140129,163901,4179,137
OTP,0,20140129,163912,4177,20
OTP,0,20140129,163916,4179,1409
OTP,0,20140129,163919,4179,189
OTP,0,20140129,163919,4180,3725
OTP,0,20140129,163937,4177,25000
OTP,0,20140129,163940,4175,615
OTP,0,20140129,163940,4172,7
OTP,0,20140129,163949,4171,1510
OTP,0,20140129,163950,4178,830
OTP,0,20140129,163950,4179,170
OTP,0,20140129,163950,4170,2088
OTP,0,20140129,164008,4175,20
OTP,0,20140129,164055,4174,100
OTP,0,20140129,164055,4175,820
OTP,0,20140129,164128,4176,500
OTP,0,20140129,164153,4176,341
OTP,0,20140129,164212,4176,20
OTP,0,20140129,164235,4176,50
OTP,0,20140129,164244,4176,60
OTP,0,20140129,164251,4176,500
OTP,0,20140129,164257,4175,424
OTP,0,20140129,164258,4176,369
OTP,0,20140129,164301,4177,800
OTP,0,20140129,164315,4178,100
OTP,0,20140129,164317,4178,38
OTP,0,20140129,164323,4178,352
OTP,0,20140129,164323,4179,1430
OTP,0,20140129,164323,4180,5071
OTP,0,20140129,164347,4180,4660
OTP,0,20140129,164347,4175,1045
OTP,0,20140129,164349,4180,40
OTP,0,20140129,164355,4180,200
OTP,0,20140129,164404,4180,715
OTP,0,20140129,164406,4180,1000
OTP,0,20140129,164424,4179,12
OTP,0,20140129,164425,4179,15
OTP,0,20140129,164444,4177,1000
OTP,0,20140129,164444,4178,500
OTP,0,20140129,164454,4179,100
OTP,0,20140129,164501,4175,79
OTP,0,20140129,164501,4172,121
OTP,0,20140129,164505,4178,100
OTP,0,20140129,164507,4172,6
OTP,0,20140129,164508,4172,850
OTP,0,20140129,164513,4178,1257
OTP,0,20140129,164513,4179,398
OTP,0,20140129,164517,4179,10
OTP,0,20140129,164537,4176,30
OTP,0,20140129,164559,4179,300
OTP,0,20140129,164659,4178,65
OTP,0,20140129,164704,4178,15
OTP,0,20140129,164709,4176,400
OTP,0,20140129,164737,4178,250
OTP,0,20140129,164745,4176,90
OTP,0,20140129,164746,4175,20
OTP,0,20140129,164818,4178,115
OTP,0,20140129,164827,4177,60
OTP,0,20140129,164839,4178,20
OTP,0,20140129,164847,4177,120
OTP,0,20140129,164852,4177,80
OTP,0,20140129,164852,4178,20
OTP,0,20140129,164922,4176,37
OTP,0,20140129,164922,4175,768
OTP,0,20140129,164938,4176,100
OTP,0,20140129,164939,4178,194
OTP,0,20140129,165000,4177,100
OTP,0,20140129,165003,4176,15
OTP,0,20140129,165006,4177,50
OTP,0,20140129,165009,4177,280
OTP,0,20140129,165010,4175,1800
OTP,0,20140129,165010,4175,1604
OTP,0,20140129,165018,4175,14
OTP,0,20140129,165033,4175,25
OTP,0,20140129,165035,4175,800
OTP,0,20140129,165047,4175,267
OTP,0,20140129,165047,4175,48
OTP,0,20140129,165048,4175,31
OTP,0,20140129,165102,4175,251
OTP,0,20140129,165103,4173,300
OTP,0,20140129,165103,4173,300
OTP,0,20140129,165103,4172,230
OTP,0,20140129,165103,4172,843
OTP,0,20140129,165103,4171,257
OTP,0,20140129,165103,4171,1864
OTP,0,20140129,165103,4170,1336
OTP,0,20140129,165103,4175,20
OTP,0,20140129,165113,4170,187
OTP,0,20140129,165123,4170,1000
OTP,0,20140129,165124,4170,3323
OTP,0,20140129,165127,4170,500
OTP,0,20140129,165136,4175,30
OTP,0,20140129,165137,4175,100
OTP,0,20140129,165151,4170,500
OTP,0,20140129,165219,4173,1800
OTP,0,20140129,165225,4175,66
OTP,0,20140129,165239,4175,50
OTP,0,20140129,165249,4175,8
OTP,0,20140129,165303,4175,273
