<TICKER>,<PER>,<DTYYYYMMDD>,<TIME>,<CLOSE>,<VOLUME>
OTP,0,20140127,090005,4349,36523
OTP,0,20140127,090210,4349,291
OTP,0,20140127,090223,4343,491
OTP,0,20140127,090229,4340,100
OTP,0,20140127,090230,4343,25
OTP,0,20140127,090234,4340,100
OTP,0,20140127,090234,4340,133
OTP,0,20140127,090236,4340,50
OTP,0,20140127,090238,4340,20
OTP,0,20140127,090239,4338,40
OTP,0,20140127,090239,4340,20
OTP,0,20140127,090240,4336,1
OTP,0,20140127,090240,4340,50
OTP,0,20140127,090244,4336,2
OTP,0,20140127,090244,4335,25
OTP,0,20140127,090245,4333,70
OTP,0,20140127,090249,4333,150
OTP,0,20140127,090253,4333,95
OTP,0,20140127,090259,4332,200
OTP,0,20140127,090259,4331,157
OTP,0,20140127,090300,4331,230
OTP,0,20140127,090300,4331,43
OTP,0,20140127,090300,4331,70
OTP,0,20140127,090301,4330,52
OTP,0,20140127,090301,4330,30
OTP,0,20140127,090301,4330,200
OTP,0,20140127,090301,4330,52
OTP,0,20140127,090302,4330,44
OTP,0,20140127,090302,4330,222
OTP,0,20140127,090303,4326,1
OTP,0,20140127,090303,4326,50
OTP,0,20140127,090305,4329,100
OTP,0,20140127,090313,4326,349
OTP,0,20140127,090313,4325,651
OTP,0,20140127,090313,4325,133
OTP,0,20140127,090313,4330,2228
OTP,0,20140127,090313,4333,2772
OTP,0,20140127,090313,4325,266
OTP,0,20140127,090314,4323,84
OTP,0,20140127,090318,4321,300
OTP,0,20140127,090319,4320,715
OTP,0,20140127,090331,4319,50
OTP,0,20140127,090331,4318,31
OTP,0,20140127,090331,4316,822
OTP,0,20140127,090334,4315,25
OTP,0,20140127,090334,4315,558
OTP,0,20140127,090334,4314,86
OTP,0,20140127,090334,4313,267
OTP,0,20140127,090334,4312,154
OTP,0,20140127,090334,4312,696
OTP,0,20140127,090335,4311,633
OTP,0,20140127,090336,4310,710
OTP,0,20140127,090340,4315,300
OTP,0,20140127,090342,4310,50
OTP,0,20140127,090343,4310,150
OTP,0,20140127,090344,4310,50
OTP,0,20140127,090344,4308,540
OTP,0,20140127,090344,4307,71
OTP,0,20140127,090344,4306,800
OTP,0,20140127,090344,4305,719
OTP,0,20140127,090344,4305,30
OTP,0,20140127,090344,4305,300
OTP,0,20140127,090345,4307,1000
OTP,0,20140127,090345,4306,250
OTP,0,20140127,090345,4305,150
OTP,0,20140127,090346,4305,1043
OTP,0,20140127,090347,4305,1888
OTP,0,20140127,090347,4310,1000
OTP,0,20140127,090347,4310,1000
OTP,0,20140127,090347,4303,29
OTP,0,20140127,090347,4302,971
OTP,0,20140127,090348,4302,481
OTP,0,20140127,090349,4301,350
OTP,0,20140127,090349,4301,1336
OTP,0,20140127,090349,4301,459
OTP,0,20140127,090349,4301,722
OTP,0,20140127,090350,4301,460
OTP,0,20140127,090351,4300,852
OTP,0,20140127,090353,4303,500
OTP,0,20140127,090353,4300,500
OTP,0,20140127,090354,4300,396
OTP,0,20140127,090356,4308,90
OTP,0,20140127,090356,4308,10
OTP,0,20140127,090356,4300,58
OTP,0,20140127,090400,4305,25
OTP,0,20140127,090400,4301,373
OTP,0,20140127,090403,4303,400
OTP,0,20140127,090405,4302,90
OTP,0,20140127,090405,4301,910
OTP,0,20140127,090406,4301,3390
OTP,0,20140127,090406,4300,6610
OTP,0,20140127,090406,4301,84
OTP,0,20140127,090408,4302,50
OTP,0,20140127,090408,4300,2233
OTP,0,20140127,090408,4300,50
OTP,0,20140127,090409,4300,2563
OTP,0,20140127,090409,4300,150
OTP,0,20140127,090414,4303,20
OTP,0,20140127,090414,4301,485
OTP,0,20140127,090414,4300,560
OTP,0,20140127,090415,4304,43
OTP,0,20140127,090418,4300,500
OTP,0,20140127,090426,4303,40
OTP,0,20140127,090426,4304,60
OTP,0,20140127,090426,4300,2944
OTP,0,20140127,090430,4299,200
OTP,0,20140127,090437,4296,25
OTP,0,20140127,090437,4295,1275
OTP,0,20140127,090438,4299,100
OTP,0,20140127,090439,4295,100
OTP,0,20140127,090439,4295,19
OTP,0,20140127,090444,4299,125
OTP,0,20140127,090448,4295,106
OTP,0,20140127,090448,4293,400
OTP,0,20140127,090448,4292,100
OTP,0,20140127,090448,4291,244
OTP,0,20140127,090450,4291,1000
OTP,0,20140127,090452,4292,23
OTP,0,20140127,090452,4291,52
OTP,0,20140127,090454,4299,100
OTP,0,20140127,090507,4296,200
OTP,0,20140127,090507,4291,300
OTP,0,20140127,090515,4292,15
OTP,0,20140127,090515,4291,1050
OTP,0,20140127,090515,4295,50
OTP,0,20140127,090516,4291,956
OTP,0,20140127,090516,4291,25
OTP,0,20140127,090517,4291,123
OTP,0,20140127,090520,4290,186
OTP,0,20140127,090522,4288,50
OTP,0,20140127,090524,4290,407
OTP,0,20140127,090524,4288,50
OTP,0,20140127,090528,4291,877
OTP,0,20140127,090528,4288,15
OTP,0,20140127,090529,4286,400
OTP,0,20140127,090531,4288,1065
OTP,0,20140127,090543,4287,295
OTP,0,20140127,090544,4285,309
OTP,0,20140127,090547,4285,50
OTP,0,20140127,090550,4285,2312
OTP,0,20140127,090550,4287,95
OTP,0,20140127,090550,4288,2355
OTP,0,20140127,090550,4290,238
OTP,0,20140127,090551,4285,1726
OTP,0,20140127,090551,4285,274
OTP,0,20140127,090551,4284,726
OTP,0,20140127,090551,4290,50
OTP,0,20140127,090551,4291,100
OTP,0,20140127,090553,4285,192
OTP,0,20140127,090553,4290,500
OTP,0,20140127,090557,4289,490
OTP,0,20140127,090557,4290,4510
OTP,0,20140127,090558,4285,808
OTP,0,20140127,090601,4284,1000
OTP,0,20140127,090604,4287,47
OTP,0,20140127,090604,4285,953
OTP,0,20140127,090608,4290,50
OTP,0,20140127,090614,4286,50
OTP,0,20140127,090614,4290,127
OTP,0,20140127,090624,4287,20
OTP,0,20140127,090624,4286,73
OTP,0,20140127,090624,4285,17
OTP,0,20140127,090628,4289,12
OTP,0,20140127,090629,4290,12
OTP,0,20140127,090632,4290,1008
OTP,0,20140127,090638,4290,500
OTP,0,20140127,090638,4289,89
OTP,0,20140127,090638,4290,293
OTP,0,20140127,090638,4291,1130
OTP,0,20140127,090644,4293,390
OTP,0,20140127,090644,4294,350
OTP,0,20140127,090644,4295,580
OTP,0,20140127,090650,4295,390
OTP,0,20140127,090650,4296,350
OTP,0,20140127,090650,4298,320
OTP,0,20140127,090650,4299,675
OTP,0,20140127,090650,4300,1324
OTP,0,20140127,090656,4295,25
OTP,0,20140127,090710,4309,20
OTP,0,20140127,090740,4308,25
OTP,0,20140127,090751,4307,20
OTP,0,20140127,090751,4308,80
OTP,0,20140127,090815,4308,1000
OTP,0,20140127,090827,4308,8
OTP,0,20140127,090828,4308,470
OTP,0,20140127,090828,4310,655
OTP,0,20140127,090828,4311,310
OTP,0,20140127,090828,4315,1000
OTP,0,20140127,090828,4319,527
OTP,0,20140127,090828,4320,638
OTP,0,20140127,090828,4303,820
OTP,0,20140127,090828,4302,243
OTP,0,20140127,090832,4310,40
OTP,0,20140127,090832,4311,40
OTP,0,20140127,090835,4311,310
OTP,0,20140127,090835,4313,90
OTP,0,20140127,090840,4319,292
OTP,0,20140127,090846,4303,200
OTP,0,20140127,090846,4302,1902
OTP,0,20140127,090846,4301,100
OTP,0,20140127,090846,4300,798
OTP,0,20140127,090855,4316,150
OTP,0,20140127,090857,4310,20
OTP,0,20140127,090857,4302,100
OTP,0,20140127,090857,4301,133
OTP,0,20140127,090857,4300,2767
OTP,0,20140127,090916,4310,180
OTP,0,20140127,090922,4309,600
OTP,0,20140127,090923,4306,50
OTP,0,20140127,090942,4305,20
OTP,0,20140127,091001,4302,25
OTP,0,20140127,091004,4304,174
OTP,0,20140127,091010,4304,20
OTP,0,20140127,091012,4302,60
OTP,0,20140127,091012,4301,190
OTP,0,20140127,091012,4304,50
OTP,0,20140127,091013,4301,884
OTP,0,20140127,091013,4301,41
OTP,0,20140127,091013,4304,100
OTP,0,20140127,091014,4300,307
OTP,0,20140127,091015,4300,377
OTP,0,20140127,091017,4300,803
OTP,0,20140127,091019,4300,1065
OTP,0,20140127,091019,4300,1065
OTP,0,20140127,091020,4300,1649
OTP,0,20140127,091020,4300,56
OTP,0,20140127,091025,4300,30
OTP,0,20140127,091032,4296,20
OTP,0,20140127,091032,4295,480
OTP,0,20140127,091032,4295,372
OTP,0,20140127,091034,4295,1436
OTP,0,20140127,091034,4298,21
OTP,0,20140127,091034,4295,436
OTP,0,20140127,091034,4295,426
OTP,0,20140127,091036,4298,50
OTP,0,20140127,091043,4294,100
OTP,0,20140127,091047,4291,400
OTP,0,20140127,091047,4290,1360
OTP,0,20140127,091048,4287,698
OTP,0,20140127,091048,4287,412
OTP,0,20140127,091054,4290,275
OTP,0,20140127,091057,4290,200
OTP,0,20140127,091103,4286,50
OTP,0,20140127,091127,4289,50
OTP,0,20140127,091131,4286,844
OTP,0,20140127,091138,4286,20
OTP,0,20140127,091142,4289,150
OTP,0,20140127,091151,4288,50
OTP,0,20140127,091154,4288,24
OTP,0,20140127,091156,4287,150
OTP,0,20140127,091156,4286,160
OTP,0,20140127,091158,4286,469
OTP,0,20140127,091159,4284,713
OTP,0,20140127,091205,4284,1561
OTP,0,20140127,091209,4286,200
OTP,0,20140127,091216,4286,50
OTP,0,20140127,091217,4286,10
OTP,0,20140127,091226,4281,718
OTP,0,20140127,091226,4280,1282
OTP,0,20140127,091226,4280,200
OTP,0,20140127,091226,4280,2224
OTP,0,20140127,091228,4280,50
OTP,0,20140127,091228,4280,7000
OTP,0,20140127,091230,4284,18
OTP,0,20140127,091230,4281,200
OTP,0,20140127,091230,4280,725
OTP,0,20140127,091236,4280,824
OTP,0,20140127,091253,4278,1607
OTP,0,20140127,091253,4280,976
OTP,0,20140127,091253,4281,340
OTP,0,20140127,091253,4284,77
OTP,0,20140127,091253,4284,162
OTP,0,20140127,091258,4280,33
OTP,0,20140127,091303,4280,1673
OTP,0,20140127,091307,4276,457
OTP,0,20140127,091307,4275,28
OTP,0,20140127,091344,4279,10
OTP,0,20140127,091347,4279,940
OTP,0,20140127,091348,4278,30
OTP,0,20140127,091349,4277,500
OTP,0,20140127,091349,4276,1500
OTP,0,20140127,091356,4279,1750
OTP,0,20140127,091404,4279,50
OTP,0,20140127,091408,4276,240
OTP,0,20140127,091429,4276,20
OTP,0,20140127,091433,4276,240
OTP,0,20140127,091433,4275,260
OTP,0,20140127,091434,4278,784
OTP,0,20140127,091434,4279,1178
OTP,0,20140127,091444,4278,1000
OTP,0,20140127,091452,4276,20
OTP,0,20140127,091452,4278,50
OTP,0,20140127,091458,4277,20
OTP,0,20140127,091502,4277,400
OTP,0,20140127,091502,4276,20
OTP,0,20140127,091505,4277,10
OTP,0,20140127,091506,4276,620
OTP,0,20140127,091510,4277,100
OTP,0,20140127,091514,4275,50
OTP,0,20140127,091523,4276,10
OTP,0,20140127,091532,4276,70
OTP,0,20140127,091534,4275,277
OTP,0,20140127,091534,4274,5
OTP,0,20140127,091534,4273,100
OTP,0,20140127,091534,4272,370
OTP,0,20140127,091534,4271,918
OTP,0,20140127,091534,4270,3717
OTP,0,20140127,091534,4266,2730
OTP,0,20140127,091534,4265,100
OTP,0,20140127,091534,4264,1000
OTP,0,20140127,091534,4262,520
OTP,0,20140127,091534,4261,263
OTP,0,20140127,091534,4261,155
OTP,0,20140127,091534,4275,100
OTP,0,20140127,091536,4273,310
OTP,0,20140127,091537,4261,432
OTP,0,20140127,091541,4260,2000
OTP,0,20140127,091541,4260,2000
OTP,0,20140127,091542,4260,3038
OTP,0,20140127,091542,4261,856
OTP,0,20140127,091542,4260,3160
OTP,0,20140127,091603,4270,200
OTP,0,20140127,091603,4262,30
OTP,0,20140127,091603,4261,1050
OTP,0,20140127,091606,4261,200
OTP,0,20140127,091607,4261,500
OTP,0,20140127,091608,4261,220
OTP,0,20140127,091609,4265,350
OTP,0,20140127,091612,4269,30
OTP,0,20140127,091614,4269,150
OTP,0,20140127,091620,4269,200
OTP,0,20140127,091623,4262,19
OTP,0,20140127,091623,4262,50
OTP,0,20140127,091625,4269,30
OTP,0,20140127,091626,4268,40
OTP,0,20140127,091626,4263,200
OTP,0,20140127,091643,4268,116
OTP,0,20140127,091648,4268,200
OTP,0,20140127,091653,4268,200
OTP,0,20140127,091655,4268,2514
OTP,0,20140127,091659,4268,750
OTP,0,20140127,091705,4263,1179
OTP,0,20140127,091705,4262,216
OTP,0,20140127,091720,4268,40
OTP,0,20140127,091728,4262,754
OTP,0,20140127,091733,4262,550
OTP,0,20140127,091735,4267,200
OTP,0,20140127,091752,4265,500
OTP,0,20140127,091759,4267,2155
OTP,0,20140127,091801,4265,150
OTP,0,20140127,091801,4266,100
OTP,0,20140127,091804,4266,96
OTP,0,20140127,091804,4269,500
OTP,0,20140127,091808,4269,784
OTP,0,20140127,091808,4270,16
OTP,0,20140127,091810,4270,934
OTP,0,20140127,091815,4270,100
OTP,0,20140127,091831,4272,290
OTP,0,20140127,091831,4273,110
OTP,0,20140127,091845,4272,10
OTP,0,20140127,091851,4272,774
OTP,0,20140127,091859,4273,100
OTP,0,20140127,091907,4273,104
OTP,0,20140127,091907,4272,150
OTP,0,20140127,091907,4273,46
OTP,0,20140127,091909,4277,1000
OTP,0,20140127,091911,4278,15
OTP,0,20140127,091913,4278,100
OTP,0,20140127,091913,4278,750
OTP,0,20140127,091930,4278,357
OTP,0,20140127,091930,4279,650
OTP,0,20140127,091935,4279,60
OTP,0,20140127,091935,4280,2964
OTP,0,20140127,091939,4280,834
OTP,0,20140127,091951,4283,660
OTP,0,20140127,092008,4281,100
OTP,0,20140127,092008,4280,135
OTP,0,20140127,092022,4285,222
OTP,0,20140127,092022,4285,236
OTP,0,20140127,092028,4285,575
OTP,0,20140127,092028,4285,50
OTP,0,20140127,092030,4286,50
OTP,0,20140127,092035,4285,17
OTP,0,20140127,092041,4285,50
OTP,0,20140127,092047,4285,100
OTP,0,20140127,092100,4285,555
OTP,0,20140127,092102,4285,653
OTP,0,20140127,092102,4284,30
OTP,0,20140127,092102,4281,38
OTP,0,20140127,092102,4280,279
OTP,0,20140127,092102,4280,200
OTP,0,20140127,092103,4280,10
OTP,0,20140127,092114,4284,100
OTP,0,20140127,092117,4283,50
OTP,0,20140127,092119,4283,1300
OTP,0,20140127,092122,4283,200
OTP,0,20140127,092122,4283,100
OTP,0,20140127,092123,4283,300
OTP,0,20140127,092124,4283,50
OTP,0,20140127,092125,4284,1000
OTP,0,20140127,092127,4284,100
OTP,0,20140127,092134,4284,50
OTP,0,20140127,092138,4284,316
OTP,0,20140127,092145,4285,10
OTP,0,20140127,092145,4284,40
OTP,0,20140127,092148,4284,144
OTP,0,20140127,092148,4282,500
OTP,0,20140127,092148,4280,2156
OTP,0,20140127,092150,4284,50
OTP,0,20140127,092152,4285,100
OTP,0,20140127,092153,4285,400
OTP,0,20140127,092153,4285,451
OTP,0,20140127,092156,4286,20
OTP,0,20140127,092157,4285,999
OTP,0,20140127,092203,4285,1
OTP,0,20140127,092203,4286,59
OTP,0,20140127,092208,4284,50
OTP,0,20140127,092208,4280,950
OTP,0,20140127,092208,4280,50
OTP,0,20140127,092209,4286,221
OTP,0,20140127,092209,4289,390
OTP,0,20140127,092209,4290,454
OTP,0,20140127,092218,4289,783
OTP,0,20140127,092218,4290,282
OTP,0,20140127,092221,4285,80
OTP,0,20140127,092228,4285,50
OTP,0,20140127,092231,4285,1870
OTP,0,20140127,092231,4280,130
OTP,0,20140127,092231,4280,143
OTP,0,20140127,092241,4278,10
OTP,0,20140127,092246,4278,190
OTP,0,20140127,092250,4280,500
OTP,0,20140127,092301,4277,77
OTP,0,20140127,092303,4280,20
OTP,0,20140127,092305,4280,24
OTP,0,20140127,092313,4280,200
OTP,0,20140127,092330,4280,10
OTP,0,20140127,092346,4277,10
OTP,0,20140127,092351,4277,50
OTP,0,20140127,092353,4277,50
OTP,0,20140127,092358,4277,650
OTP,0,20140127,092358,4277,163
OTP,0,20140127,092416,4273,154
OTP,0,20140127,092419,4275,100
OTP,0,20140127,092419,4276,200
OTP,0,20140127,092421,4276,250
OTP,0,20140127,092423,4276,1000
OTP,0,20140127,092427,4276,1038
OTP,0,20140127,092429,4276,783
OTP,0,20140127,092430,4277,10
OTP,0,20140127,092431,4276,827
OTP,0,20140127,092432,4276,53
OTP,0,20140127,092433,4277,990
OTP,0,20140127,092457,4279,10
OTP,0,20140127,092458,4277,75
OTP,0,20140127,092458,4277,20
OTP,0,20140127,092505,4277,905
OTP,0,20140127,092505,4277,160
OTP,0,20140127,092505,4276,290
OTP,0,20140127,092605,4277,300
OTP,0,20140127,092619,4276,200
OTP,0,20140127,092625,4277,100
OTP,0,20140127,092625,4276,10
OTP,0,20140127,092650,4277,1065
OTP,0,20140127,092653,4277,54
OTP,0,20140127,092705,4278,100
OTP,0,20140127,092709,4278,675
OTP,0,20140127,092714,4277,10
OTP,0,20140127,092716,4277,50
OTP,0,20140127,092718,4278,784
OTP,0,20140127,092718,4279,588
OTP,0,20140127,092718,4280,79
OTP,0,20140127,092736,4280,724
OTP,0,20140127,092745,4280,120
OTP,0,20140127,092747,4280,21
OTP,0,20140127,092757,4280,610
OTP,0,20140127,092759,4280,255
OTP,0,20140127,092808,4281,540
OTP,0,20140127,092808,4283,285
OTP,0,20140127,092808,4285,240
OTP,0,20140127,092817,4281,100
OTP,0,20140127,092820,4283,28
OTP,0,20140127,092858,4285,170
OTP,0,20140127,092858,4287,40
OTP,0,20140127,092858,4288,90
OTP,0,20140127,092906,4283,100
OTP,0,20140127,092907,4283,50
OTP,0,20140127,092909,4283,130
OTP,0,20140127,092916,4283,290
OTP,0,20140127,092946,4285,25
OTP,0,20140127,092952,4285,100
OTP,0,20140127,093015,4283,20
OTP,0,20140127,093016,4285,90
OTP,0,20140127,093029,4285,100
OTP,0,20140127,093032,4283,90
OTP,0,20140127,093032,4282,300
OTP,0,20140127,093032,4281,1465
OTP,0,20140127,093032,4280,645
OTP,0,20140127,093032,4280,2500
OTP,0,20140127,093033,4280,1995
OTP,0,20140127,093037,4280,505
OTP,0,20140127,093037,4283,450
OTP,0,20140127,093037,4285,45
OTP,0,20140127,093058,4279,100
OTP,0,20140127,093059,4279,100
OTP,0,20140127,093105,4278,200
OTP,0,20140127,093107,4278,60
OTP,0,20140127,093107,4276,52
OTP,0,20140127,093107,4275,18
OTP,0,20140127,093130,4279,100
OTP,0,20140127,093137,4279,810
OTP,0,20140127,093150,4278,150
OTP,0,20140127,093156,4278,200
OTP,0,20140127,093202,4275,982
OTP,0,20140127,093202,4273,20
OTP,0,20140127,093202,4272,1076
OTP,0,20140127,093202,4271,172
OTP,0,20140127,093206,4278,320
OTP,0,20140127,093213,4278,1000
OTP,0,20140127,093222,4275,50
OTP,0,20140127,093250,4277,40
OTP,0,20140127,093256,4276,725
OTP,0,20140127,093256,4277,25
OTP,0,20140127,093308,4277,815
OTP,0,20140127,093308,4280,185
OTP,0,20140127,093309,4280,185
OTP,0,20140127,093309,4281,15
OTP,0,20140127,093312,4275,40
OTP,0,20140127,093321,4277,20
OTP,0,20140127,093321,4276,200
OTP,0,20140127,093321,4275,230
OTP,0,20140127,093327,4276,200
OTP,0,20140127,093343,4281,325
OTP,0,20140127,093343,4284,408
OTP,0,20140127,093343,4285,467
OTP,0,20140127,093349,4285,100
OTP,0,20140127,093350,4281,100
OTP,0,20140127,093350,4285,100
OTP,0,20140127,093354,4285,142
OTP,0,20140127,093354,4288,295
OTP,0,20140127,093403,4289,20
OTP,0,20140127,093403,4290,305
OTP,0,20140127,093403,4293,200
OTP,0,20140127,093403,4294,50
OTP,0,20140127,093409,4290,1000
OTP,0,20140127,093410,4294,40
OTP,0,20140127,093420,4290,106
OTP,0,20140127,093436,4288,781
OTP,0,20140127,093436,4289,219
OTP,0,20140127,093440,4289,520
OTP,0,20140127,093441,4288,20
OTP,0,20140127,093441,4289,42
OTP,0,20140127,093441,4290,178
OTP,0,20140127,093446,4290,216
OTP,0,20140127,093458,4290,650
OTP,0,20140127,093503,4294,200
OTP,0,20140127,093540,4290,545
OTP,0,20140127,093557,4290,64
OTP,0,20140127,093600,4290,500
OTP,0,20140127,093605,4293,370
OTP,0,20140127,093616,4290,162
OTP,0,20140127,093621,4293,411
OTP,0,20140127,093621,4294,265
OTP,0,20140127,093621,4295,1071
OTP,0,20140127,093621,4297,290
OTP,0,20140127,093621,4298,100
OTP,0,20140127,093621,4299,260
OTP,0,20140127,093621,4300,245
OTP,0,20140127,093644,4300,3358
OTP,0,20140127,093654,4300,100
OTP,0,20140127,093655,4298,25
OTP,0,20140127,093655,4295,55
OTP,0,20140127,093656,4300,450
OTP,0,20140127,093732,4295,97
OTP,0,20140127,093732,4294,30
OTP,0,20140127,093735,4290,750
OTP,0,20140127,093736,4294,623
OTP,0,20140127,093740,4295,290
OTP,0,20140127,093746,4297,90
OTP,0,20140127,093746,4297,310
OTP,0,20140127,093746,4298,190
OTP,0,20140127,093750,4298,657
OTP,0,20140127,093757,4290,30
OTP,0,20140127,093758,4297,50
OTP,0,20140127,093807,4290,100
OTP,0,20140127,093813,4295,500
OTP,0,20140127,093813,4296,781
OTP,0,20140127,093813,4297,719
OTP,0,20140127,093824,4290,3
OTP,0,20140127,093853,4290,1908
OTP,0,20140127,093853,4286,100
OTP,0,20140127,093853,4285,700
OTP,0,20140127,093853,4284,100
OTP,0,20140127,093853,4282,127
OTP,0,20140127,093941,4284,100
OTP,0,20140127,094010,4285,600
OTP,0,20140127,094010,4284,14
OTP,0,20140127,094029,4286,408
OTP,0,20140127,094031,4284,86
OTP,0,20140127,094031,4283,389
OTP,0,20140127,094036,4286,466
OTP,0,20140127,094042,4286,10
OTP,0,20140127,094045,4287,11
OTP,0,20140127,094045,4290,50
OTP,0,20140127,094049,4291,300
OTP,0,20140127,094053,4291,1264
OTP,0,20140127,094057,4292,360
OTP,0,20140127,094057,4294,10
OTP,0,20140127,094057,4295,1005
OTP,0,20140127,094104,4298,320
OTP,0,20140127,094104,4299,430
OTP,0,20140127,094104,4299,320
OTP,0,20140127,094104,4300,430
OTP,0,20140127,094105,4300,375
OTP,0,20140127,094110,4300,10
OTP,0,20140127,094114,4304,750
OTP,0,20140127,094114,4304,722
OTP,0,20140127,094114,4305,28
OTP,0,20140127,094114,4305,332
OTP,0,20140127,094114,4309,385
OTP,0,20140127,094114,4310,33
OTP,0,20140127,094114,4310,50
OTP,0,20140127,094118,4300,12
OTP,0,20140127,094200,4307,780
OTP,0,20140127,094200,4308,205
OTP,0,20140127,094209,4308,100
OTP,0,20140127,094212,4302,1500
OTP,0,20140127,094212,4300,1663
OTP,0,20140127,094213,4300,5
OTP,0,20140127,094220,4299,750
OTP,0,20140127,094220,4299,28
OTP,0,20140127,094220,4300,722
OTP,0,20140127,094221,4300,1110
OTP,0,20140127,094221,4300,38
OTP,0,20140127,094230,4299,77
OTP,0,20140127,094244,4295,300
OTP,0,20140127,094244,4299,100
OTP,0,20140127,094250,4299,40
OTP,0,20140127,094307,4299,1174
OTP,0,20140127,094307,4300,500
OTP,0,20140127,094309,4300,1500
OTP,0,20140127,094309,4300,1500
OTP,0,20140127,094309,4300,1500
OTP,0,20140127,094309,4300,1500
OTP,0,20140127,094311,4300,686
OTP,0,20140127,094311,4300,365
OTP,0,20140127,094312,4300,1500
OTP,0,20140127,094313,4300,200
OTP,0,20140127,094313,4300,514
OTP,0,20140127,094322,4293,50
OTP,0,20140127,094322,4292,300
OTP,0,20140127,094322,4291,1000
OTP,0,20140127,094323,4290,120
OTP,0,20140127,094324,4299,1602
OTP,0,20140127,094324,4300,3398
OTP,0,20140127,094331,4299,1000
OTP,0,20140127,094336,4293,500
OTP,0,20140127,094336,4291,1351
OTP,0,20140127,094337,4298,500
OTP,0,20140127,094337,4299,1513
OTP,0,20140127,094337,4300,2987
OTP,0,20140127,094344,4298,10
OTP,0,20140127,094344,4300,290
OTP,0,20140127,094346,4300,100
OTP,0,20140127,094346,4300,1500
OTP,0,20140127,094346,4300,1500
OTP,0,20140127,094347,4295,50
OTP,0,20140127,094347,4293,1500
OTP,0,20140127,094349,4299,950
OTP,0,20140127,094350,4300,550
OTP,0,20140127,094355,4291,149
OTP,0,20140127,094358,4291,451
OTP,0,20140127,094400,4290,50
OTP,0,20140127,094403,4290,694
OTP,0,20140127,094403,4291,350
OTP,0,20140127,094408,4292,380
OTP,0,20140127,094413,4290,50
OTP,0,20140127,094425,4293,880
OTP,0,20140127,094425,4290,1100
OTP,0,20140127,094427,4294,40
OTP,0,20140127,094435,4294,25
OTP,0,20140127,094437,4290,950
OTP,0,20140127,094450,4291,600
OTP,0,20140127,094450,4290,1000
OTP,0,20140127,094459,4293,20
OTP,0,20140127,094501,4290,50
OTP,0,20140127,094507,4290,710
OTP,0,20140127,094512,4288,30
OTP,0,20140127,094528,4289,40
OTP,0,20140127,094531,4290,276
OTP,0,20140127,094535,4290,100
OTP,0,20140127,094535,4290,100
OTP,0,20140127,094559,4290,25
OTP,0,20140127,094608,4290,1500
OTP,0,20140127,094619,4290,1931
OTP,0,20140127,094619,4290,569
OTP,0,20140127,094624,4290,585
OTP,0,20140127,094624,4290,710
OTP,0,20140127,094624,4290,751
OTP,0,20140127,094634,4293,1290
OTP,0,20140127,094634,4294,385
OTP,0,20140127,094634,4296,480
OTP,0,20140127,094634,4297,781
OTP,0,20140127,094634,4298,100
OTP,0,20140127,094634,4299,100
OTP,0,20140127,094634,4300,564
OTP,0,20140127,094637,4290,554
OTP,0,20140127,094641,4290,30
OTP,0,20140127,094650,4290,779
OTP,0,20140127,094710,4290,1827
OTP,0,20140127,094711,4290,781
OTP,0,20140127,094723,4290,1492
OTP,0,20140127,094727,4289,2500
OTP,0,20140127,094737,4289,1460
OTP,0,20140127,094737,4288,40
OTP,0,20140127,094737,4288,20
OTP,0,20140127,094737,4288,1500
OTP,0,20140127,094737,4288,1500
OTP,0,20140127,094738,4288,910
OTP,0,20140127,094800,4289,350
OTP,0,20140127,094808,4289,100
OTP,0,20140127,094810,4289,30
OTP,0,20140127,094830,4289,15
OTP,0,20140127,094835,4289,278
OTP,0,20140127,094851,4289,5
OTP,0,20140127,094909,4289,60
OTP,0,20140127,094909,4290,500
OTP,0,20140127,094911,4290,400
OTP,0,20140127,094926,4290,440
OTP,0,20140127,095037,4287,100
OTP,0,20140127,095057,4287,901
OTP,0,20140127,095057,4289,99
OTP,0,20140127,095107,4289,300
OTP,0,20140127,095109,4285,400
OTP,0,20140127,095124,4283,200
OTP,0,20140127,095125,4283,500
OTP,0,20140127,095132,4282,298
OTP,0,20140127,095132,4281,1100
OTP,0,20140127,095132,4280,749
OTP,0,20140127,095137,4284,1451
OTP,0,20140127,095156,4283,233
OTP,0,20140127,095200,4283,50
OTP,0,20140127,095213,4280,718
OTP,0,20140127,095217,4280,685
OTP,0,20140127,095229,4280,1183
OTP,0,20140127,095229,4283,100
OTP,0,20140127,095236,4279,300
OTP,0,20140127,095239,4277,125
OTP,0,20140127,095243,4276,822
OTP,0,20140127,095310,4276,50
OTP,0,20140127,095319,4276,1558
OTP,0,20140127,095323,4279,15
OTP,0,20140127,095359,4276,200
OTP,0,20140127,095408,4275,4602
OTP,0,20140127,095408,4273,1488
OTP,0,20140127,095410,4273,12
OTP,0,20140127,095410,4272,31
OTP,0,20140127,095410,4271,664
OTP,0,20140127,095413,4271,614
OTP,0,20140127,095413,4270,1479
OTP,0,20140127,095415,4270,1384
OTP,0,20140127,095416,4268,1000
OTP,0,20140127,095429,4270,17
OTP,0,20140127,095432,4266,100
OTP,0,20140127,095442,4269,30
OTP,0,20140127,095500,4266,100
OTP,0,20140127,095514,4265,500
OTP,0,20140127,095518,4264,340
OTP,0,20140127,095531,4264,150
OTP,0,20140127,095535,4263,93
OTP,0,20140127,095535,4262,7
OTP,0,20140127,095551,4262,603
OTP,0,20140127,095551,4261,600
OTP,0,20140127,095551,4260,1439
OTP,0,20140127,095551,4258,200
OTP,0,20140127,095551,4258,250
OTP,0,20140127,095552,4258,185
OTP,0,20140127,095556,4258,410
OTP,0,20140127,095600,4259,645
OTP,0,20140127,095600,4260,25
OTP,0,20140127,095601,4260,1053
OTP,0,20140127,095603,4262,10
OTP,0,20140127,095606,4262,370
OTP,0,20140127,095612,4262,558
OTP,0,20140127,095616,4263,370
OTP,0,20140127,095619,4264,112
OTP,0,20140127,095619,4265,4255
OTP,0,20140127,095620,4265,728
OTP,0,20140127,095622,4267,625
OTP,0,20140127,095636,4265,905
OTP,0,20140127,095642,4266,100
OTP,0,20140127,095643,4265,2200
OTP,0,20140127,095653,4266,800
OTP,0,20140127,095706,4265,1600
OTP,0,20140127,095712,4265,250
OTP,0,20140127,095718,4265,400
OTP,0,20140127,095718,4265,457
OTP,0,20140127,095718,4266,108
OTP,0,20140127,095735,4268,72
OTP,0,20140127,095738,4268,1500
OTP,0,20140127,095738,4266,192
OTP,0,20140127,095739,4265,5
OTP,0,20140127,095808,4268,179
OTP,0,20140127,095808,4270,2321
OTP,0,20140127,095811,4270,800
OTP,0,20140127,095812,4270,446
OTP,0,20140127,095812,4270,699
OTP,0,20140127,095813,4270,735
OTP,0,20140127,095813,4270,457
OTP,0,20140127,095825,4271,300
OTP,0,20140127,095825,4270,1200
OTP,0,20140127,095836,4272,294
OTP,0,20140127,095836,4270,716
OTP,0,20140127,095838,4270,742
OTP,0,20140127,095838,4270,449
OTP,0,20140127,095840,4273,50
OTP,0,20140127,095848,4270,1242
OTP,0,20140127,095849,4270,245
OTP,0,20140127,095855,4273,30
OTP,0,20140127,095906,4273,380
OTP,0,20140127,095907,4273,604
OTP,0,20140127,095907,4273,660
OTP,0,20140127,095911,4274,1000
OTP,0,20140127,095911,4273,1028
OTP,0,20140127,095913,4273,760
OTP,0,20140127,095913,4271,600
OTP,0,20140127,095913,4270,140
OTP,0,20140127,095914,4270,98
OTP,0,20140127,095914,4270,1500
OTP,0,20140127,095914,4270,972
OTP,0,20140127,095914,4270,290
OTP,0,20140127,095916,4273,50
OTP,0,20140127,095917,4271,500
OTP,0,20140127,095917,4267,20
OTP,0,20140127,095917,4266,810
OTP,0,20140127,095917,4265,4380
OTP,0,20140127,095917,4263,22
OTP,0,20140127,095917,4261,40
OTP,0,20140127,095917,4260,777
OTP,0,20140127,095917,4259,100
OTP,0,20140127,095917,4257,1523
OTP,0,20140127,095917,4256,1830
OTP,0,20140127,095917,4255,3399
OTP,0,20140127,095917,4254,100
OTP,0,20140127,095917,4252,858
OTP,0,20140127,095917,4251,3918
OTP,0,20140127,095917,4250,17223
OTP,0,20140127,095917,4250,168
OTP,0,20140127,095917,4250,885
OTP,0,20140127,095917,4250,25
OTP,0,20140127,095918,4250,140
OTP,0,20140127,095918,4250,9030
OTP,0,20140127,095919,4255,180
OTP,0,20140127,095919,4270,314
OTP,0,20140127,095923,4270,848
OTP,0,20140127,095928,4269,693
OTP,0,20140127,095933,4269,41
OTP,0,20140127,095933,4270,709
OTP,0,20140127,095937,4270,1000
OTP,0,20140127,100007,4267,1000
OTP,0,20140127,100007,4268,26
OTP,0,20140127,100007,4270,2974
OTP,0,20140127,100008,4270,30
OTP,0,20140127,100014,4270,680
OTP,0,20140127,100015,4270,244
OTP,0,20140127,100015,4270,671
OTP,0,20140127,100015,4270,9
OTP,0,20140127,100021,4270,718
OTP,0,20140127,100025,4270,7
OTP,0,20140127,100026,4270,219
OTP,0,20140127,100026,4271,340
OTP,0,20140127,100026,4272,314
OTP,0,20140127,100026,4278,165
OTP,0,20140127,100026,4280,1062
OTP,0,20140127,100054,4262,2
OTP,0,20140127,100101,4270,1328
OTP,0,20140127,100121,4270,1000
OTP,0,20140127,100126,4270,30
OTP,0,20140127,100149,4270,30
OTP,0,20140127,100214,4269,24
OTP,0,20140127,100214,4270,408
OTP,0,20140127,100218,4271,147
OTP,0,20140127,100219,4271,113
OTP,0,20140127,100229,4273,200
OTP,0,20140127,100235,4273,55
OTP,0,20140127,100235,4275,1945
OTP,0,20140127,100311,4271,100
OTP,0,20140127,100318,4280,115
OTP,0,20140127,100337,4280,30
OTP,0,20140127,100357,4280,1019
OTP,0,20140127,100437,4280,50
OTP,0,20140127,100501,4280,330
OTP,0,20140127,100521,4280,1414
OTP,0,20140127,100524,4280,703
OTP,0,20140127,100535,4281,1069
OTP,0,20140127,100540,4281,688
OTP,0,20140127,100540,4281,243
OTP,0,20140127,100545,4284,25
OTP,0,20140127,100545,4280,553
OTP,0,20140127,100555,4280,600
OTP,0,20140127,100557,4280,713
OTP,0,20140127,100557,4280,17
OTP,0,20140127,100558,4283,10
OTP,0,20140127,100559,4275,705
OTP,0,20140127,100559,4275,304
OTP,0,20140127,100609,4275,683
OTP,0,20140127,100650,4279,50
OTP,0,20140127,100657,4275,3408
OTP,0,20140127,100659,4271,678
OTP,0,20140127,100702,4271,690
OTP,0,20140127,100708,4278,75
OTP,0,20140127,100708,4279,75
OTP,0,20140127,100712,4270,170
OTP,0,20140127,100734,4270,408
OTP,0,20140127,100755,4270,50
OTP,0,20140127,100800,4268,2000
OTP,0,20140127,100913,4268,600
OTP,0,20140127,100932,4268,500
OTP,0,20140127,100934,4268,151
OTP,0,20140127,100943,4268,2000
OTP,0,20140127,100944,4267,10
OTP,0,20140127,101001,4268,40
OTP,0,20140127,101030,4268,200
OTP,0,20140127,101037,4268,432
OTP,0,20140127,101050,4267,50
OTP,0,20140127,101123,4267,180
OTP,0,20140127,101123,4265,820
OTP,0,20140127,101147,4265,200
OTP,0,20140127,101200,4265,1046
OTP,0,20140127,101223,4263,10
OTP,0,20140127,101223,4262,2490
OTP,0,20140127,101244,4265,500
OTP,0,20140127,101257,4262,810
OTP,0,20140127,101258,4265,1434
OTP,0,20140127,101321,4265,7
OTP,0,20140127,101329,4265,100
OTP,0,20140127,101335,4269,20
OTP,0,20140127,101413,4265,70
OTP,0,20140127,101414,4265,791
OTP,0,20140127,101458,4265,800
OTP,0,20140127,101501,4265,50
OTP,0,20140127,101503,4265,448
OTP,0,20140127,101507,4261,39
OTP,0,20140127,101507,4260,41
OTP,0,20140127,101512,4265,47
OTP,0,20140127,101522,4260,12
OTP,0,20140127,101543,4260,794
OTP,0,20140127,101547,4260,3553
OTP,0,20140127,101547,4259,500
OTP,0,20140127,101548,4259,100
OTP,0,20140127,101550,4255,578
OTP,0,20140127,101559,4258,379
OTP,0,20140127,101654,4255,1134
OTP,0,20140127,101655,4255,500
OTP,0,20140127,101703,4254,250
OTP,0,20140127,101708,4254,100
OTP,0,20140127,101721,4254,400
OTP,0,20140127,101727,4254,203
OTP,0,20140127,101727,4253,547
OTP,0,20140127,101728,4255,100
OTP,0,20140127,101739,4253,453
OTP,0,20140127,101739,4252,47
OTP,0,20140127,101745,4252,3
OTP,0,20140127,101745,4251,42
OTP,0,20140127,101749,4251,1500
OTP,0,20140127,101752,4251,1308
OTP,0,20140127,101752,4250,3692
OTP,0,20140127,101758,4255,30
OTP,0,20140127,101810,4251,2254
OTP,0,20140127,101810,4250,2746
OTP,0,20140127,101810,4250,500
OTP,0,20140127,101812,4250,150
OTP,0,20140127,101813,4250,852
OTP,0,20140127,101816,4255,300
OTP,0,20140127,101825,4250,20000
OTP,0,20140127,101828,4250,8000
OTP,0,20140127,101828,4250,9033
OTP,0,20140127,101828,4250,1076
OTP,0,20140127,101830,4250,897
OTP,0,20140127,101831,4250,5000
OTP,0,20140127,101832,4250,500
OTP,0,20140127,101835,4250,1000
OTP,0,20140127,101837,4250,150
OTP,0,20140127,101840,4250,500
OTP,0,20140127,101843,4250,50
OTP,0,20140127,101846,4250,150
OTP,0,20140127,101849,4255,124
OTP,0,20140127,101849,4256,285
OTP,0,20140127,101849,4257,1591
OTP,0,20140127,101853,4250,300
OTP,0,20140127,101856,4250,437
OTP,0,20140127,101857,4250,500
OTP,0,20140127,101857,4248,15
OTP,0,20140127,101857,4247,15
OTP,0,20140127,101857,4247,1
OTP,0,20140127,101857,4246,30
OTP,0,20140127,101903,4250,15
OTP,0,20140127,101923,4246,38
OTP,0,20140127,101927,4249,150
OTP,0,20140127,101931,4249,147
OTP,0,20140127,101931,4246,55
OTP,0,20140127,101940,4249,50
OTP,0,20140127,101954,4246,250
OTP,0,20140127,101956,4246,27
OTP,0,20140127,101956,4245,56
OTP,0,20140127,101957,4246,50
OTP,0,20140127,102000,4245,223
OTP,0,20140127,102000,4245,23
OTP,0,20140127,102007,4241,560
OTP,0,20140127,102007,4241,50
OTP,0,20140127,102012,4241,246
OTP,0,20140127,102013,4241,300
OTP,0,20140127,102015,4241,10
OTP,0,20140127,102035,4241,50
OTP,0,20140127,102038,4241,50
OTP,0,20140127,102049,4240,50
OTP,0,20140127,102049,4240,100
OTP,0,20140127,102049,4240,2000
OTP,0,20140127,102051,4240,797
OTP,0,20140127,102053,4241,1451
OTP,0,20140127,102055,4240,141
OTP,0,20140127,102107,4238,500
OTP,0,20140127,102110,4240,100
OTP,0,20140127,102112,4240,500
OTP,0,20140127,102115,4240,299
OTP,0,20140127,102115,4241,442
OTP,0,20140127,102115,4244,50
OTP,0,20140127,102115,4245,1254
OTP,0,20140127,102115,4246,1840
OTP,0,20140127,102115,4247,322
OTP,0,20140127,102115,4250,2393
OTP,0,20140127,102155,4244,789
OTP,0,20140127,102155,4245,711
OTP,0,20140127,102200,4245,1182
OTP,0,20140127,102202,4245,318
OTP,0,20140127,102202,4241,100
OTP,0,20140127,102202,4240,200
OTP,0,20140127,102217,4240,46
OTP,0,20140127,102223,4238,303
OTP,0,20140127,102223,4238,1249
OTP,0,20140127,102243,4238,751
OTP,0,20140127,102243,4240,1249
OTP,0,20140127,102256,4239,500
OTP,0,20140127,102301,4239,141
OTP,0,20140127,102309,4239,211
OTP,0,20140127,102309,4240,289
OTP,0,20140127,102319,4240,300
OTP,0,20140127,102338,4240,435
OTP,0,20140127,102401,4240,200
OTP,0,20140127,102445,4239,12
OTP,0,20140127,102445,4238,11
OTP,0,20140127,102445,4236,37
OTP,0,20140127,102500,4240,222
OTP,0,20140127,102533,4239,30
OTP,0,20140127,102533,4240,170
OTP,0,20140127,102533,4240,500
OTP,0,20140127,102551,4240,150
OTP,0,20140127,102552,4236,20
OTP,0,20140127,102614,4238,200
OTP,0,20140127,102623,4240,2869
OTP,0,20140127,102624,4240,100
OTP,0,20140127,102628,4243,230
OTP,0,20140127,102635,4238,1500
OTP,0,20140127,102635,4236,100
OTP,0,20140127,102637,4236,63
OTP,0,20140127,102637,4235,527
OTP,0,20140127,102647,4235,691
OTP,0,20140127,102647,4234,36
OTP,0,20140127,102658,4234,64
OTP,0,20140127,102706,4235,20
OTP,0,20140127,102706,4235,30
OTP,0,20140127,102711,4243,200
OTP,0,20140127,102738,4237,1000
OTP,0,20140127,102804,4235,1000
OTP,0,20140127,102807,4234,689
OTP,0,20140127,102811,4234,57
OTP,0,20140127,102818,4237,1650
OTP,0,20140127,102821,4240,16
OTP,0,20140127,102822,4237,550
OTP,0,20140127,102828,4234,300
OTP,0,20140127,102829,4240,873
OTP,0,20140127,102831,4240,330
OTP,0,20140127,102832,4234,797
OTP,0,20140127,102834,4234,319
OTP,0,20140127,102834,4233,681
OTP,0,20140127,102834,4233,400
OTP,0,20140127,102836,4233,715
OTP,0,20140127,102846,4235,1000
OTP,0,20140127,102847,4235,204
OTP,0,20140127,102847,4233,490
OTP,0,20140127,102920,4239,1689
OTP,0,20140127,102920,4240,740
OTP,0,20140127,102920,4242,320
OTP,0,20140127,102920,4245,300
OTP,0,20140127,102926,4245,5000
OTP,0,20140127,102928,4245,4551
OTP,0,20140127,102931,4233,881
OTP,0,20140127,102938,4245,95
OTP,0,20140127,102939,4245,48
OTP,0,20140127,102940,4240,1197
OTP,0,20140127,102940,4240,261
OTP,0,20140127,102946,4237,713
OTP,0,20140127,102951,4234,200
OTP,0,20140127,102951,4233,1061
OTP,0,20140127,103002,4233,22
OTP,0,20140127,103002,4231,720
OTP,0,20140127,103002,4240,120
OTP,0,20140127,103003,4233,721
OTP,0,20140127,103009,4240,645
OTP,0,20140127,103010,4240,150
OTP,0,20140127,103013,4240,306
OTP,0,20140127,103014,4240,381
OTP,0,20140127,103014,4240,683
OTP,0,20140127,103016,4240,250
OTP,0,20140127,103019,4241,290
OTP,0,20140127,103020,4241,1710
OTP,0,20140127,103020,4240,290
OTP,0,20140127,103024,4240,953
OTP,0,20140127,103024,4240,371
OTP,0,20140127,103027,4240,671
OTP,0,20140127,103029,4240,50
OTP,0,20140127,103034,4240,757
OTP,0,20140127,103034,4240,370
OTP,0,20140127,103044,4241,111
OTP,0,20140127,103044,4240,782
OTP,0,20140127,103047,4240,699
OTP,0,20140127,103047,4236,1301
OTP,0,20140127,103047,4236,150
OTP,0,20140127,103049,4240,300
OTP,0,20140127,103049,4236,546
OTP,0,20140127,103050,4240,671
OTP,0,20140127,103054,4240,50
OTP,0,20140127,103055,4240,479
OTP,0,20140127,103056,4236,3
OTP,0,20140127,103056,4235,600
OTP,0,20140127,103057,4233,673
OTP,0,20140127,103110,4240,100
OTP,0,20140127,103110,4241,100
OTP,0,20140127,103119,4240,500
OTP,0,20140127,103122,4240,250
OTP,0,20140127,103124,4236,600
OTP,0,20140127,103125,4236,361
OTP,0,20140127,103127,4240,712
OTP,0,20140127,103128,4241,50
OTP,0,20140127,103135,4240,10
OTP,0,20140127,103138,4241,919
OTP,0,20140127,103138,4244,106
OTP,0,20140127,103138,4245,260
OTP,0,20140127,103138,4247,300
OTP,0,20140127,103138,4248,292
OTP,0,20140127,103138,4250,123
OTP,0,20140127,103239,4250,200
OTP,0,20140127,103242,4250,400
OTP,0,20140127,103303,4250,130
OTP,0,20140127,103304,4250,2753
OTP,0,20140127,103308,4250,47
OTP,0,20140127,103311,4251,981
OTP,0,20140127,103320,4252,265
OTP,0,20140127,103334,4250,2883
OTP,0,20140127,103337,4245,500
OTP,0,20140127,103337,4243,180
OTP,0,20140127,103339,4243,420
OTP,0,20140127,103340,4242,699
OTP,0,20140127,103349,4249,26
OTP,0,20140127,103352,4243,53
OTP,0,20140127,103352,4242,47
OTP,0,20140127,103402,4249,66
OTP,0,20140127,103404,4242,1000
OTP,0,20140127,103404,4242,361
OTP,0,20140127,103406,4242,143
OTP,0,20140127,103406,4240,524
OTP,0,20140127,103437,4247,746
OTP,0,20140127,103437,4248,434
OTP,0,20140127,103441,4248,250
OTP,0,20140127,103441,4249,516
OTP,0,20140127,103441,4250,9234
OTP,0,20140127,103457,4250,500
OTP,0,20140127,103505,4248,30
OTP,0,20140127,103505,4250,3914
OTP,0,20140127,103508,4250,200
OTP,0,20140127,103509,4250,160
OTP,0,20140127,103513,4250,172
OTP,0,20140127,103545,4250,784
OTP,0,20140127,103552,4251,285
OTP,0,20140127,103626,4253,285
OTP,0,20140127,103630,4255,346
OTP,0,20140127,103654,4251,665
OTP,0,20140127,103654,4250,335
OTP,0,20140127,103726,4255,309
OTP,0,20140127,103729,4255,197
OTP,0,20140127,103732,4254,3
OTP,0,20140127,103732,4258,27
OTP,0,20140127,103808,4257,789
OTP,0,20140127,103816,4258,305
OTP,0,20140127,103817,4258,226
OTP,0,20140127,103821,4258,165
OTP,0,20140127,103821,4258,109
OTP,0,20140127,103851,4258,100
OTP,0,20140127,103917,4257,19
OTP,0,20140127,103925,4259,410
OTP,0,20140127,103925,4260,590
OTP,0,20140127,103927,4257,192
OTP,0,20140127,104011,4258,25
OTP,0,20140127,104019,4259,475
OTP,0,20140127,104029,4259,184
OTP,0,20140127,104032,4259,150
OTP,0,20140127,104040,4259,22
OTP,0,20140127,104040,4260,978
OTP,0,20140127,104047,4260,432
OTP,0,20140127,104156,4260,12
OTP,0,20140127,104157,4262,332
OTP,0,20140127,104210,4262,100
OTP,0,20140127,104213,4262,10
OTP,0,20140127,104224,4262,10
OTP,0,20140127,104230,4262,600
OTP,0,20140127,104233,4260,49
OTP,0,20140127,104301,4260,187
OTP,0,20140127,104303,4260,661
OTP,0,20140127,104422,4262,200
OTP,0,20140127,104436,4262,20
OTP,0,20140127,104438,4262,10
OTP,0,20140127,104448,4260,504
OTP,0,20140127,104453,4258,434
OTP,0,20140127,104454,4258,66
OTP,0,20140127,104528,4259,50
OTP,0,20140127,104557,4255,96
OTP,0,20140127,104601,4255,174
OTP,0,20140127,104631,4257,50
OTP,0,20140127,104719,4257,1451
OTP,0,20140127,104723,4255,350
OTP,0,20140127,104724,4255,150
OTP,0,20140127,104724,4254,500
OTP,0,20140127,104852,4257,60
OTP,0,20140127,105004,4257,10
OTP,0,20140127,105007,4256,27
OTP,0,20140127,105024,4256,173
OTP,0,20140127,105104,4252,55
OTP,0,20140127,105130,4251,340
OTP,0,20140127,105131,4251,660
OTP,0,20140127,105132,4251,340
OTP,0,20140127,105132,4250,318
OTP,0,20140127,105142,4250,2107
OTP,0,20140127,105145,4250,465
OTP,0,20140127,105155,4250,100
OTP,0,20140127,105155,4250,48
OTP,0,20140127,105200,4250,500
OTP,0,20140127,105204,4246,6
OTP,0,20140127,105209,4250,271
OTP,0,20140127,105242,4250,17
OTP,0,20140127,105247,4250,25
OTP,0,20140127,105253,4247,200
OTP,0,20140127,105253,4246,50
OTP,0,20140127,105256,4250,20
OTP,0,20140127,105258,4246,82
OTP,0,20140127,105525,4248,12
OTP,0,20140127,105525,4246,112
OTP,0,20140127,105525,4245,251
OTP,0,20140127,105526,4243,70
OTP,0,20140127,105557,4245,50
OTP,0,20140127,105725,4245,50
OTP,0,20140127,105729,4245,100
OTP,0,20140127,105754,4245,104
OTP,0,20140127,105755,4245,200
OTP,0,20140127,105759,4245,100
OTP,0,20140127,105815,4245,200
OTP,0,20140127,105832,4248,300
OTP,0,20140127,105942,4243,800
OTP,0,20140127,105951,4243,100
OTP,0,20140127,110011,4248,500
OTP,0,20140127,110110,4248,40
OTP,0,20140127,110116,4248,1242
OTP,0,20140127,110116,4249,280
OTP,0,20140127,110116,4250,1478
OTP,0,20140127,110118,4245,824
OTP,0,20140127,110132,4250,250
OTP,0,20140127,110152,4250,600
OTP,0,20140127,110153,4250,341
OTP,0,20140127,110153,4250,23
OTP,0,20140127,110157,4250,688
OTP,0,20140127,110201,4252,390
OTP,0,20140127,110205,4253,360
OTP,0,20140127,110208,4254,686
OTP,0,20140127,110225,4246,150
OTP,0,20140127,110228,4246,23
OTP,0,20140127,110230,4246,81
OTP,0,20140127,110310,4250,591
OTP,0,20140127,110327,4250,900
OTP,0,20140127,110450,4249,930
OTP,0,20140127,110542,4249,14
OTP,0,20140127,110605,4249,250
OTP,0,20140127,110623,4249,197
OTP,0,20140127,110706,4249,90
OTP,0,20140127,110728,4249,407
OTP,0,20140127,110728,4250,1593
OTP,0,20140127,110744,4250,200
OTP,0,20140127,110801,4250,50
OTP,0,20140127,110902,4251,285
OTP,0,20140127,110912,4250,450
OTP,0,20140127,110912,4246,50
OTP,0,20140127,110912,4245,1677
OTP,0,20140127,110912,4243,823
OTP,0,20140127,110933,4250,309
OTP,0,20140127,111013,4250,100
OTP,0,20140127,111016,4250,906
OTP,0,20140127,111017,4250,194
OTP,0,20140127,111022,4250,154
OTP,0,20140127,111022,4251,270
OTP,0,20140127,111022,4253,370
OTP,0,20140127,111023,4255,206
OTP,0,20140127,111024,4250,292
OTP,0,20140127,111026,4250,409
OTP,0,20140127,111026,4250,424
OTP,0,20140127,111027,4251,260
OTP,0,20140127,111027,4252,254
OTP,0,20140127,111038,4250,1043
OTP,0,20140127,111038,4250,372
OTP,0,20140127,111040,4250,50
OTP,0,20140127,111050,4252,100
OTP,0,20140127,111055,4252,56
OTP,0,20140127,111133,4250,682
OTP,0,20140127,111359,4255,300
OTP,0,20140127,111406,4255,607
OTP,0,20140127,111418,4254,100
OTP,0,20140127,111526,4245,50
OTP,0,20140127,111526,4243,30
OTP,0,20140127,111619,4250,100
OTP,0,20140127,111658,4250,100
OTP,0,20140127,111729,4250,600
OTP,0,20140127,111729,4251,350
OTP,0,20140127,111729,4253,140
OTP,0,20140127,111729,4254,310
OTP,0,20140127,111729,4257,53
OTP,0,20140127,111729,4263,200
OTP,0,20140127,111729,4265,523
OTP,0,20140127,111729,4269,300
OTP,0,20140127,111729,4270,1276
OTP,0,20140127,111729,4273,400
OTP,0,20140127,111729,4273,150
OTP,0,20140127,111729,4270,248
OTP,0,20140127,111730,4250,1197
OTP,0,20140127,111731,4246,326
OTP,0,20140127,111733,4246,610
OTP,0,20140127,111735,4245,168
OTP,0,20140127,111829,4244,295
OTP,0,20140127,111829,4243,259
OTP,0,20140127,111829,4242,400
OTP,0,20140127,111829,4241,660
OTP,0,20140127,111829,4240,4386
OTP,0,20140127,111829,4249,381
OTP,0,20140127,111830,4240,3258
OTP,0,20140127,111830,4240,853
OTP,0,20140127,111831,4240,1700
OTP,0,20140127,111836,4245,1200
OTP,0,20140127,111855,4244,534
OTP,0,20140127,111855,4245,285
OTP,0,20140127,111902,4245,100
OTP,0,20140127,111922,4247,300
OTP,0,20140127,111922,4249,200
OTP,0,20140127,111922,4245,281
OTP,0,20140127,111926,4240,19
OTP,0,20140127,112028,4245,19
OTP,0,20140127,112028,4246,80
OTP,0,20140127,112029,4243,2500
OTP,0,20140127,112031,4246,180
OTP,0,20140127,112031,4250,1087
OTP,0,20140127,112031,4250,681
OTP,0,20140127,112032,4250,1013
OTP,0,20140127,112037,4250,39
OTP,0,20140127,112055,4249,30
OTP,0,20140127,112122,4242,350
OTP,0,20140127,112122,4241,10
OTP,0,20140127,112122,4240,103
OTP,0,20140127,112157,4242,12
OTP,0,20140127,112201,4240,78
OTP,0,20140127,112227,4238,204
OTP,0,20140127,112227,4237,296
OTP,0,20140127,112229,4237,238
OTP,0,20140127,112229,4236,762
OTP,0,20140127,112234,4239,285
OTP,0,20140127,112243,4236,419
OTP,0,20140127,112331,4238,80
OTP,0,20140127,112333,4238,100
OTP,0,20140127,112346,4236,100
OTP,0,20140127,112420,4236,211
OTP,0,20140127,112420,4236,315
OTP,0,20140127,112420,4235,1685
OTP,0,20140127,112427,4237,500
OTP,0,20140127,112441,4235,200
OTP,0,20140127,112524,4237,1578
OTP,0,20140127,112528,4236,500
OTP,0,20140127,112528,4235,500
OTP,0,20140127,112542,4235,318
OTP,0,20140127,112557,4235,300
OTP,0,20140127,112701,4239,20
OTP,0,20140127,112805,4239,200
OTP,0,20140127,112806,4239,50
OTP,0,20140127,112815,4239,80
OTP,0,20140127,112815,4240,190
OTP,0,20140127,112832,4240,13
OTP,0,20140127,112928,4240,200
OTP,0,20140127,112930,4237,408
OTP,0,20140127,112941,4240,35
OTP,0,20140127,112958,4237,292
OTP,0,20140127,113116,4240,20
OTP,0,20140127,113137,4240,345
OTP,0,20140127,113206,4240,400
OTP,0,20140127,113210,4236,450
OTP,0,20140127,113210,4235,153
OTP,0,20140127,113212,4235,816
OTP,0,20140127,113407,4240,300
OTP,0,20140127,113412,4240,230
OTP,0,20140127,113512,4242,1202
OTP,0,20140127,113512,4243,510
OTP,0,20140127,113512,4244,275
OTP,0,20140127,113512,4247,475
OTP,0,20140127,113512,4248,398
OTP,0,20140127,113512,4250,1539
OTP,0,20140127,113519,4250,300
OTP,0,20140127,113543,4252,53
OTP,0,20140127,113555,4252,200
OTP,0,20140127,113556,4252,570
OTP,0,20140127,113607,4252,250
OTP,0,20140127,113610,4251,500
OTP,0,20140127,113610,4250,801
OTP,0,20140127,113613,4240,20
OTP,0,20140127,113616,4236,250
OTP,0,20140127,113621,4252,100
OTP,0,20140127,113732,4251,260
OTP,0,20140127,113736,4251,100
OTP,0,20140127,113804,4240,420
OTP,0,20140127,113804,4238,2
OTP,0,20140127,113805,4251,54
OTP,0,20140127,114001,4251,121
OTP,0,20140127,114027,4251,1462
OTP,0,20140127,114027,4252,295
OTP,0,20140127,114027,4253,104
OTP,0,20140127,114027,4259,50
OTP,0,20140127,114027,4260,89
OTP,0,20140127,114029,4242,931
OTP,0,20140127,114033,4242,685
OTP,0,20140127,114138,4250,30
OTP,0,20140127,114156,4250,200
OTP,0,20140127,114230,4249,47
OTP,0,20140127,114231,4246,460
OTP,0,20140127,114303,4249,182
OTP,0,20140127,114542,4249,600
OTP,0,20140127,114634,4249,104
OTP,0,20140127,114801,4248,15
OTP,0,20140127,114906,4247,39
OTP,0,20140127,114924,4247,470
OTP,0,20140127,114931,4243,296
OTP,0,20140127,114952,4243,100
OTP,0,20140127,115010,4247,65
OTP,0,20140127,115022,4247,1000
OTP,0,20140127,115025,4243,4
OTP,0,20140127,115025,4242,526
OTP,0,20140127,115059,4247,235
OTP,0,20140127,115142,4247,40
OTP,0,20140127,115200,4247,1000
OTP,0,20140127,115205,4242,78
OTP,0,20140127,115205,4241,539
OTP,0,20140127,115211,4247,350
OTP,0,20140127,115220,4247,200
OTP,0,20140127,115222,4247,82
OTP,0,20140127,115224,4245,50
OTP,0,20140127,115309,4247,350
OTP,0,20140127,115312,4241,805
OTP,0,20140127,115316,4241,665
OTP,0,20140127,115316,4241,453
OTP,0,20140127,115416,4247,250
OTP,0,20140127,115442,4247,971
OTP,0,20140127,115442,4250,529
OTP,0,20140127,115445,4241,23
OTP,0,20140127,115445,4240,830
OTP,0,20140127,115446,4250,1500
OTP,0,20140127,115449,4250,320
OTP,0,20140127,115450,4259,7
OTP,0,20140127,115456,4241,757
OTP,0,20140127,115548,4254,80
OTP,0,20140127,115602,4250,100
OTP,0,20140127,115632,4250,100
OTP,0,20140127,115636,4251,3262
OTP,0,20140127,115636,4253,50
OTP,0,20140127,115636,4254,31
OTP,0,20140127,115638,4255,97
OTP,0,20140127,115641,4250,50
OTP,0,20140127,115645,4247,800
OTP,0,20140127,115650,4256,4
OTP,0,20140127,115653,4256,106
OTP,0,20140127,115804,4244,1
OTP,0,20140127,115811,4250,400
OTP,0,20140127,115836,4256,42
OTP,0,20140127,115921,4256,855
OTP,0,20140127,115921,4258,145
OTP,0,20140127,120026,4258,175
OTP,0,20140127,120026,4259,25
OTP,0,20140127,120035,4259,418
OTP,0,20140127,120035,4260,741
OTP,0,20140127,120039,4260,712
OTP,0,20140127,120048,4260,3629
OTP,0,20140127,120050,4260,200
OTP,0,20140127,120052,4255,120
OTP,0,20140127,120052,4252,20
OTP,0,20140127,120052,4251,500
OTP,0,20140127,120052,4250,139
OTP,0,20140127,120054,4250,937
OTP,0,20140127,120100,4250,1540
OTP,0,20140127,120101,4250,1203
OTP,0,20140127,120102,4250,845
OTP,0,20140127,120105,4250,356
OTP,0,20140127,120118,4249,96
OTP,0,20140127,120121,4249,1568
OTP,0,20140127,120121,4250,1144
OTP,0,20140127,120123,4250,789
OTP,0,20140127,120130,4251,70
OTP,0,20140127,120146,4251,16
OTP,0,20140127,120154,4251,300
OTP,0,20140127,120211,4251,20
OTP,0,20140127,120221,4251,60
OTP,0,20140127,120251,4251,699
OTP,0,20140127,120253,4254,12
OTP,0,20140127,120359,4254,104
OTP,0,20140127,120405,4254,436
OTP,0,20140127,120415,4255,270
OTP,0,20140127,120435,4258,749
OTP,0,20140127,120441,4258,455
OTP,0,20140127,120444,4258,663
OTP,0,20140127,120452,4259,342
OTP,0,20140127,120452,4260,2270
OTP,0,20140127,120455,4263,104
OTP,0,20140127,120455,4260,394
OTP,0,20140127,120455,4258,52
OTP,0,20140127,120459,4260,800
OTP,0,20140127,120459,4258,633
OTP,0,20140127,120501,4258,345
OTP,0,20140127,120501,4258,824
OTP,0,20140127,120503,4258,838
OTP,0,20140127,120510,4258,441
OTP,0,20140127,120511,4255,166
OTP,0,20140127,120511,4254,50
OTP,0,20140127,120513,4252,510
OTP,0,20140127,120513,4250,160
OTP,0,20140127,120524,4250,1003
OTP,0,20140127,120621,4260,100
OTP,0,20140127,120622,4252,100
OTP,0,20140127,120622,4251,610
OTP,0,20140127,120650,4260,925
OTP,0,20140127,120650,4260,30
OTP,0,20140127,120652,4251,701
OTP,0,20140127,120704,4251,1786
OTP,0,20140127,120707,4261,300
OTP,0,20140127,120707,4251,682
OTP,0,20140127,120709,4251,739
OTP,0,20140127,120710,4251,532
OTP,0,20140127,120718,4250,808
OTP,0,20140127,120743,4260,500
OTP,0,20140127,120746,4250,299
OTP,0,20140127,120750,4250,678
OTP,0,20140127,120829,4260,4
OTP,0,20140127,120913,4260,1000
OTP,0,20140127,121146,4256,28
OTP,0,20140127,121202,4260,180
OTP,0,20140127,121218,4260,15
OTP,0,20140127,121231,4260,2000
OTP,0,20140127,121306,4260,338
OTP,0,20140127,121316,4261,300
OTP,0,20140127,121342,4260,50
OTP,0,20140127,121402,4260,50
OTP,0,20140127,121505,4260,1000
OTP,0,20140127,121508,4258,42
OTP,0,20140127,121508,4257,100
OTP,0,20140127,121521,4255,25
OTP,0,20140127,121526,4255,100
OTP,0,20140127,121701,4255,32
OTP,0,20140127,121730,4252,200
OTP,0,20140127,121730,4251,510
OTP,0,20140127,121730,4250,290
OTP,0,20140127,121732,4250,1303
OTP,0,20140127,121738,4255,363
OTP,0,20140127,121740,4255,50
OTP,0,20140127,121808,4252,2
OTP,0,20140127,121808,4255,98
OTP,0,20140127,121828,4255,212
OTP,0,20140127,121833,4257,370
OTP,0,20140127,121853,4259,130
OTP,0,20140127,121937,4258,25
OTP,0,20140127,122227,4258,50
OTP,0,20140127,122328,4258,25
OTP,0,20140127,122328,4260,200
OTP,0,20140127,122344,4260,350
OTP,0,20140127,122354,4259,80
OTP,0,20140127,122430,4258,20
OTP,0,20140127,122430,4260,5
OTP,0,20140127,122435,4260,50
OTP,0,20140127,122436,4260,50
OTP,0,20140127,122606,4260,140
OTP,0,20140127,122608,4256,308
OTP,0,20140127,122717,4258,706
OTP,0,20140127,122717,4259,196
OTP,0,20140127,122717,4260,1098
OTP,0,20140127,122733,4260,300
OTP,0,20140127,122737,4260,250
OTP,0,20140127,122802,4260,300
OTP,0,20140127,122818,4260,100
OTP,0,20140127,122905,4260,602
OTP,0,20140127,122909,4265,322
OTP,0,20140127,122914,4269,1027
OTP,0,20140127,123050,4268,40
OTP,0,20140127,123140,4268,150
OTP,0,20140127,123225,4268,600
OTP,0,20140127,123226,4268,376
OTP,0,20140127,123236,4269,316
OTP,0,20140127,123252,4269,80
OTP,0,20140127,123321,4269,40
OTP,0,20140127,123345,4269,176
OTP,0,20140127,123345,4270,655
OTP,0,20140127,123345,4270,721
OTP,0,20140127,123357,4270,448
OTP,0,20140127,123409,4270,1200
OTP,0,20140127,123422,4270,23
OTP,0,20140127,123427,4269,341
OTP,0,20140127,123427,4269,528
OTP,0,20140127,123433,4270,622
OTP,0,20140127,123453,4273,1660
OTP,0,20140127,123453,4273,35
OTP,0,20140127,123529,4273,50
OTP,0,20140127,123538,4273,1536
OTP,0,20140127,123538,4273,1170
OTP,0,20140127,123552,4274,418
OTP,0,20140127,123600,4276,450
OTP,0,20140127,123600,4277,3000
OTP,0,20140127,123600,4279,83
OTP,0,20140127,123600,4279,372
OTP,0,20140127,123600,4279,118
OTP,0,20140127,123623,4279,20
OTP,0,20140127,123636,4277,200
OTP,0,20140127,123636,4277,539
OTP,0,20140127,123636,4279,691
OTP,0,20140127,123636,4280,500
OTP,0,20140127,123636,4281,420
OTP,0,20140127,123636,4284,389
OTP,0,20140127,123659,4280,583
OTP,0,20140127,123708,4280,25
OTP,0,20140127,123715,4280,25
OTP,0,20140127,123730,4280,200
OTP,0,20140127,123754,4279,313
OTP,0,20140127,123758,4279,24
OTP,0,20140127,123758,4280,228
OTP,0,20140127,123803,4280,400
OTP,0,20140127,123807,4280,5
OTP,0,20140127,123828,4283,515
OTP,0,20140127,123835,4283,268
OTP,0,20140127,123835,4284,712
OTP,0,20140127,123835,4285,1897
OTP,0,20140127,123835,4288,600
OTP,0,20140127,123835,4289,1523
OTP,0,20140127,123849,4289,400
OTP,0,20140127,123913,4285,5
OTP,0,20140127,123913,4283,124
OTP,0,20140127,123929,4283,100
OTP,0,20140127,123933,4283,50
OTP,0,20140127,123944,4280,341
OTP,0,20140127,123954,4280,200
OTP,0,20140127,123959,4280,259
OTP,0,20140127,124010,4280,208
OTP,0,20140127,124010,4280,528
OTP,0,20140127,124012,4280,205
OTP,0,20140127,124013,4280,169
OTP,0,20140127,124018,4280,200
OTP,0,20140127,124029,4283,1710
OTP,0,20140127,124031,4279,196
OTP,0,20140127,124033,4284,410
OTP,0,20140127,124037,4284,260
OTP,0,20140127,124105,4280,361
OTP,0,20140127,124105,4280,369
OTP,0,20140127,124119,4287,16
OTP,0,20140127,124126,4280,333
OTP,0,20140127,124126,4280,331
OTP,0,20140127,124143,4287,68
OTP,0,20140127,124154,4287,467
OTP,0,20140127,124154,4288,600
OTP,0,20140127,124154,4289,933
OTP,0,20140127,124228,4289,1299
OTP,0,20140127,124233,4289,650
OTP,0,20140127,124235,4289,935
OTP,0,20140127,124235,4290,1100
OTP,0,20140127,124243,4290,100
OTP,0,20140127,124244,4292,150
OTP,0,20140127,124259,4290,432
OTP,0,20140127,124318,4290,50
OTP,0,20140127,124323,4290,400
OTP,0,20140127,124323,4290,528
OTP,0,20140127,124324,4292,500
OTP,0,20140127,124341,4290,2200
OTP,0,20140127,124344,4290,205
OTP,0,20140127,124344,4290,535
OTP,0,20140127,124347,4290,200
OTP,0,20140127,124349,4290,3220
OTP,0,20140127,124352,4285,400
OTP,0,20140127,124352,4284,92
OTP,0,20140127,124359,4289,300
OTP,0,20140127,124359,4290,988
OTP,0,20140127,124359,4284,141
OTP,0,20140127,124406,4289,432
OTP,0,20140127,124406,4290,818
OTP,0,20140127,124412,4289,200
OTP,0,20140127,124438,4282,985
OTP,0,20140127,124439,4282,534
OTP,0,20140127,124447,4282,748
OTP,0,20140127,124447,4282,700
OTP,0,20140127,124528,4282,541
OTP,0,20140127,124544,4288,164
OTP,0,20140127,124546,4284,796
OTP,0,20140127,124546,4288,236
OTP,0,20140127,124546,4289,330
OTP,0,20140127,124554,4290,713
OTP,0,20140127,124608,4294,130
OTP,0,20140127,124609,4294,450
OTP,0,20140127,124613,4295,1030
OTP,0,20140127,124620,4290,538
OTP,0,20140127,124633,4297,131
OTP,0,20140127,124732,4295,200
OTP,0,20140127,124739,4295,100
OTP,0,20140127,124744,4295,500
OTP,0,20140127,124744,4295,200
OTP,0,20140127,124905,4296,10
OTP,0,20140127,124905,4297,21
OTP,0,20140127,124909,4297,500
OTP,0,20140127,125011,4295,12
OTP,0,20140127,125017,4296,781
OTP,0,20140127,125045,4296,100
OTP,0,20140127,125051,4296,438
OTP,0,20140127,125054,4296,19
OTP,0,20140127,125055,4296,221
OTP,0,20140127,125055,4297,779
OTP,0,20140127,125118,4297,400
OTP,0,20140127,125128,4297,79
OTP,0,20140127,125202,4298,200
OTP,0,20140127,125249,4298,50
OTP,0,20140127,125319,4298,755
OTP,0,20140127,125319,4299,245
OTP,0,20140127,125322,4299,23
OTP,0,20140127,125338,4296,20
OTP,0,20140127,125402,4299,500
OTP,0,20140127,125406,4299,2209
OTP,0,20140127,125411,4299,40
OTP,0,20140127,125412,4299,1201
OTP,0,20140127,125412,4300,1099
OTP,0,20140127,125412,4300,321
OTP,0,20140127,125412,4301,280
OTP,0,20140127,125412,4304,280
OTP,0,20140127,125412,4306,100
OTP,0,20140127,125412,4308,229
OTP,0,20140127,125412,4309,200
OTP,0,20140127,125412,4310,117
OTP,0,20140127,125413,4312,15
OTP,0,20140127,125413,4310,1300
OTP,0,20140127,125453,4312,5
OTP,0,20140127,125453,4314,95
OTP,0,20140127,125514,4314,220
OTP,0,20140127,125527,4314,303
OTP,0,20140127,125527,4315,415
OTP,0,20140127,125527,4315,282
OTP,0,20140127,125544,4310,300
OTP,0,20140127,125549,4314,50
OTP,0,20140127,125551,4314,443
OTP,0,20140127,125551,4315,350
OTP,0,20140127,125617,4317,75
OTP,0,20140127,125631,4317,125
OTP,0,20140127,125649,4315,10000
OTP,0,20140127,125649,4315,2207
OTP,0,20140127,125654,4315,12
OTP,0,20140127,125656,4310,300
OTP,0,20140127,125658,4315,88
OTP,0,20140127,125659,4315,5000
OTP,0,20140127,125700,4315,536
OTP,0,20140127,125700,4315,250
OTP,0,20140127,125701,4315,1
OTP,0,20140127,125704,4315,698
OTP,0,20140127,125704,4310,30
OTP,0,20140127,125713,4310,220
OTP,0,20140127,125736,4310,172
OTP,0,20140127,125752,4310,500
OTP,0,20140127,125755,4311,370
OTP,0,20140127,125759,4312,1040
OTP,0,20140127,125803,4314,258
OTP,0,20140127,125813,4301,200
OTP,0,20140127,125817,4310,30
OTP,0,20140127,125819,4310,150
OTP,0,20140127,125826,4305,150
OTP,0,20140127,125826,4301,50
OTP,0,20140127,125911,4310,419
OTP,0,20140127,125911,4311,300
OTP,0,20140127,125911,4312,281
OTP,0,20140127,125914,4312,99
OTP,0,20140127,125914,4314,151
OTP,0,20140127,125920,4302,50
OTP,0,20140127,125920,4301,50
OTP,0,20140127,125941,4309,1
OTP,0,20140127,130041,4301,17
OTP,0,20140127,130043,4309,59
OTP,0,20140127,130043,4310,241
OTP,0,20140127,130054,4310,500
OTP,0,20140127,130128,4305,100
OTP,0,20140127,130150,4307,20
OTP,0,20140127,130150,4305,10
OTP,0,20140127,130208,4309,90
OTP,0,20140127,130212,4310,34
OTP,0,20140127,130215,4311,420
OTP,0,20140127,130237,4305,100
OTP,0,20140127,130308,4307,700
OTP,0,20140127,130318,4307,700
OTP,0,20140127,130328,4305,50
OTP,0,20140127,130333,4305,40
OTP,0,20140127,130340,4307,50
OTP,0,20140127,130340,4310,50
OTP,0,20140127,130411,4310,150
OTP,0,20140127,130418,4310,775
OTP,0,20140127,130422,4311,1575
OTP,0,20140127,130454,4310,200
OTP,0,20140127,130633,4311,5
OTP,0,20140127,130637,4312,270
OTP,0,20140127,130641,4313,103
OTP,0,20140127,130644,4314,400
OTP,0,20140127,130645,4314,156
OTP,0,20140127,130648,4315,1795
OTP,0,20140127,130719,4316,50
OTP,0,20140127,130721,4316,471
OTP,0,20140127,130732,4316,500
OTP,0,20140127,130749,4311,210
OTP,0,20140127,130749,4310,590
OTP,0,20140127,130805,4311,300
OTP,0,20140127,130807,4316,70
OTP,0,20140127,130832,4316,114
OTP,0,20140127,130840,4318,70
OTP,0,20140127,130918,4316,166
OTP,0,20140127,130918,4315,234
OTP,0,20140127,130918,4315,1021
OTP,0,20140127,130922,4315,50
OTP,0,20140127,130924,4318,15
OTP,0,20140127,130938,4318,50
OTP,0,20140127,130954,4315,15
OTP,0,20140127,130955,4318,857
OTP,0,20140127,130959,4319,1643
OTP,0,20140127,130959,4319,50
OTP,0,20140127,131013,4319,280
OTP,0,20140127,131035,4319,801
OTP,0,20140127,131035,4320,2199
OTP,0,20140127,131056,4320,61
OTP,0,20140127,131101,4321,400
OTP,0,20140127,131107,4321,94
OTP,0,20140127,131110,4322,20
OTP,0,20140127,131117,4324,22
OTP,0,20140127,131117,4325,71
OTP,0,20140127,131125,4321,506
OTP,0,20140127,131125,4320,494
OTP,0,20140127,131125,4325,111
OTP,0,20140127,131131,4320,50
OTP,0,20140127,131132,4325,150
OTP,0,20140127,131138,4325,200
OTP,0,20140127,131139,4325,253
OTP,0,20140127,131140,4325,200
OTP,0,20140127,131204,4324,400
OTP,0,20140127,131207,4325,1515
OTP,0,20140127,131215,4324,117
OTP,0,20140127,131215,4327,30
OTP,0,20140127,131215,4328,70
OTP,0,20140127,131220,4328,648
OTP,0,20140127,131313,4324,43
OTP,0,20140127,131339,4324,157
OTP,0,20140127,131343,4325,1000
OTP,0,20140127,131346,4327,400
OTP,0,20140127,131350,4328,747
OTP,0,20140127,131415,4322,850
OTP,0,20140127,131415,4321,650
OTP,0,20140127,131423,4324,20
OTP,0,20140127,131425,4325,200
OTP,0,20140127,131427,4322,50
OTP,0,20140127,131433,4328,296
OTP,0,20140127,131456,4327,20
OTP,0,20140127,131500,4328,204
OTP,0,20140127,131505,4329,882
OTP,0,20140127,131512,4330,1704
OTP,0,20140127,131517,4325,10
OTP,0,20140127,131522,4324,500
OTP,0,20140127,131543,4330,250
OTP,0,20140127,131552,4330,1000
OTP,0,20140127,131609,4329,25
OTP,0,20140127,131612,4330,601
OTP,0,20140127,131619,4330,110
OTP,0,20140127,131620,4330,17
OTP,0,20140127,131628,4330,747
OTP,0,20140127,131631,4330,50
OTP,0,20140127,131636,4324,32
OTP,0,20140127,131647,4330,303
OTP,0,20140127,131652,4330,450
OTP,0,20140127,131657,4330,200
OTP,0,20140127,131701,4332,277
OTP,0,20140127,131717,4330,27
OTP,0,20140127,131717,4332,33
OTP,0,20140127,131724,4332,500
OTP,0,20140127,131751,4332,626
OTP,0,20140127,131751,4333,330
OTP,0,20140127,131751,4334,1344
OTP,0,20140127,131825,4333,6
OTP,0,20140127,131848,4330,1000
OTP,0,20140127,131853,4333,244
OTP,0,20140127,131855,4333,256
OTP,0,20140127,131914,4333,200
OTP,0,20140127,131914,4334,170
OTP,0,20140127,131930,4333,35
OTP,0,20140127,131932,4330,300
OTP,0,20140127,131946,4333,815
OTP,0,20140127,131948,4330,350
OTP,0,20140127,131948,4328,1650
OTP,0,20140127,131955,4330,250
OTP,0,20140127,132001,4328,2500
OTP,0,20140127,132001,4328,2350
OTP,0,20140127,132006,4330,100
OTP,0,20140127,132023,4330,10
OTP,0,20140127,132024,4326,1000
OTP,0,20140127,132025,4326,300
OTP,0,20140127,132025,4326,352
OTP,0,20140127,132046,4325,100
OTP,0,20140127,132059,4325,150
OTP,0,20140127,132102,4325,850
OTP,0,20140127,132102,4329,224
OTP,0,20140127,132137,4324,668
OTP,0,20140127,132137,4323,228
OTP,0,20140127,132153,4324,196
OTP,0,20140127,132158,4324,200
OTP,0,20140127,132201,4323,1272
OTP,0,20140127,132201,4322,550
OTP,0,20140127,132201,4321,178
OTP,0,20140127,132206,4321,100
OTP,0,20140127,132216,4323,300
OTP,0,20140127,132239,4322,774
OTP,0,20140127,132239,4323,554
OTP,0,20140127,132253,4322,100
OTP,0,20140127,132256,4322,300
OTP,0,20140127,132300,4321,304
OTP,0,20140127,132308,4322,100
OTP,0,20140127,132308,4323,146
OTP,0,20140127,132308,4325,17
OTP,0,20140127,132348,4321,100
OTP,0,20140127,132359,4321,140
OTP,0,20140127,132435,4321,190
OTP,0,20140127,132435,4324,95
OTP,0,20140127,132454,4322,600
OTP,0,20140127,132454,4321,200
OTP,0,20140127,132507,4321,25
OTP,0,20140127,132516,4322,3
OTP,0,20140127,132556,4321,373
OTP,0,20140127,132556,4320,877
OTP,0,20140127,132556,4320,400
OTP,0,20140127,132602,4320,500
OTP,0,20140127,132608,4320,100
OTP,0,20140127,132616,4320,500
OTP,0,20140127,132622,4320,36
OTP,0,20140127,132626,4318,35
OTP,0,20140127,132633,4322,274
OTP,0,20140127,132636,4322,345
OTP,0,20140127,132659,4316,400
OTP,0,20140127,132711,4320,200
OTP,0,20140127,132718,4319,270
OTP,0,20140127,132741,4316,20
OTP,0,20140127,132807,4319,108
OTP,0,20140127,132828,4316,36
OTP,0,20140127,132828,4315,64
OTP,0,20140127,132843,4315,9
OTP,0,20140127,132849,4315,50
OTP,0,20140127,132858,4315,1
OTP,0,20140127,132926,4319,165
OTP,0,20140127,132944,4315,199
OTP,0,20140127,132944,4313,1
OTP,0,20140127,132956,4318,800
OTP,0,20140127,133016,4316,27
OTP,0,20140127,133023,4317,231
OTP,0,20140127,133023,4318,765
OTP,0,20140127,133023,4319,1733
OTP,0,20140127,133023,4320,620
OTP,0,20140127,133024,4320,651
OTP,0,20140127,133146,4319,774
OTP,0,20140127,133146,4320,420
OTP,0,20140127,133212,4320,25
OTP,0,20140127,133249,4320,55
OTP,0,20140127,133249,4323,560
OTP,0,20140127,133249,4324,275
OTP,0,20140127,133249,4325,110
OTP,0,20140127,133305,4317,40
OTP,0,20140127,133305,4325,60
OTP,0,20140127,133340,4318,150
OTP,0,20140127,133503,4325,163
OTP,0,20140127,133503,4326,252
OTP,0,20140127,133510,4315,40
OTP,0,20140127,133531,4324,500
OTP,0,20140127,133545,4324,350
OTP,0,20140127,133556,4324,30
OTP,0,20140127,133606,4324,20
OTP,0,20140127,133615,4324,20
OTP,0,20140127,133635,4324,20
OTP,0,20140127,133645,4324,939
OTP,0,20140127,133649,4326,338
OTP,0,20140127,133654,4327,1283
OTP,0,20140127,133759,4325,200
OTP,0,20140127,133803,4326,600
OTP,0,20140127,133847,4325,23
OTP,0,20140127,133855,4325,150
OTP,0,20140127,133918,4320,250
OTP,0,20140127,133948,4320,317
OTP,0,20140127,133948,4320,33
OTP,0,20140127,134049,4320,18
OTP,0,20140127,134049,4318,62
OTP,0,20140127,134133,4323,100
OTP,0,20140127,134207,4323,72
OTP,0,20140127,134207,4327,51
OTP,0,20140127,134409,4318,100
OTP,0,20140127,134412,4318,938
OTP,0,20140127,134416,4316,509
OTP,0,20140127,134431,4322,1433
OTP,0,20140127,134442,4322,774
OTP,0,20140127,134446,4321,500
OTP,0,20140127,134458,4320,200
OTP,0,20140127,134608,4321,233
OTP,0,20140127,134608,4323,767
OTP,0,20140127,134648,4320,200
OTP,0,20140127,134700,4322,200
OTP,0,20140127,134700,4323,774
OTP,0,20140127,134700,4325,26
OTP,0,20140127,134740,4325,364
OTP,0,20140127,134813,4327,13
OTP,0,20140127,134908,4326,30
OTP,0,20140127,134908,4327,1111
OTP,0,20140127,134919,4328,125
OTP,0,20140127,135140,4329,1659
OTP,0,20140127,135159,4330,20000
OTP,0,20140127,135200,4322,500
OTP,0,20140127,135200,4321,900
OTP,0,20140127,135201,4320,2869
OTP,0,20140127,135324,4324,150
OTP,0,20140127,135324,4325,850
OTP,0,20140127,135406,4325,200
OTP,0,20140127,135553,4320,1000
OTP,0,20140127,135714,4324,20
OTP,0,20140127,135733,4320,164
OTP,0,20140127,135825,4320,100
OTP,0,20140127,135835,4320,500
OTP,0,20140127,135841,4320,461
OTP,0,20140127,135841,4320,611
OTP,0,20140127,135848,4320,300
OTP,0,20140127,135858,4320,89
OTP,0,20140127,135950,4317,60
OTP,0,20140127,140012,4317,709
OTP,0,20140127,140014,4316,500
OTP,0,20140127,140017,4315,897
OTP,0,20140127,140020,4315,32
OTP,0,20140127,140125,4315,112
OTP,0,20140127,140138,4319,1410
OTP,0,20140127,140138,4320,431
OTP,0,20140127,140204,4320,162
OTP,0,20140127,140246,4320,138
OTP,0,20140127,140401,4320,20
OTP,0,20140127,140454,4321,50
OTP,0,20140127,140547,4320,10
OTP,0,20140127,140729,4320,500
OTP,0,20140127,140729,4320,84
OTP,0,20140127,140730,4321,1150
OTP,0,20140127,140951,4321,65
OTP,0,20140127,141005,4321,230
OTP,0,20140127,141023,4321,135
OTP,0,20140127,141057,4320,10
OTP,0,20140127,141105,4320,65
OTP,0,20140127,141105,4321,556
OTP,0,20140127,141106,4321,379
OTP,0,20140127,141116,4317,96
OTP,0,20140127,141117,4321,774
OTP,0,20140127,141117,4322,280
OTP,0,20140127,141117,4324,370
OTP,0,20140127,141117,4325,740
OTP,0,20140127,141117,4325,285
OTP,0,20140127,141118,4325,1070
OTP,0,20140127,141128,4325,300
OTP,0,20140127,141157,4328,1000
OTP,0,20140127,141416,4325,1181
OTP,0,20140127,141424,4322,16
OTP,0,20140127,141433,4320,150
OTP,0,20140127,141433,4317,1350
OTP,0,20140127,141447,4317,500
OTP,0,20140127,141457,4317,100
OTP,0,20140127,141513,4317,812
OTP,0,20140127,141513,4317,238
OTP,0,20140127,141551,4319,165
OTP,0,20140127,141551,4320,35
OTP,0,20140127,141613,4319,20
OTP,0,20140127,141813,4318,30
OTP,0,20140127,141828,4317,784
OTP,0,20140127,142047,4317,20
OTP,0,20140127,142050,4316,650
OTP,0,20140127,142243,4316,500
OTP,0,20140127,142410,4315,715
OTP,0,20140127,142412,4313,6
OTP,0,20140127,142415,4312,500
OTP,0,20140127,142441,4311,200
OTP,0,20140127,142441,4310,300
OTP,0,20140127,142518,4311,1000
OTP,0,20140127,142535,4311,23
OTP,0,20140127,142559,4310,629
OTP,0,20140127,142715,4309,500
OTP,0,20140127,142725,4309,600
OTP,0,20140127,142901,4308,2000
OTP,0,20140127,142902,4308,2800
OTP,0,20140127,142913,4305,1000
OTP,0,20140127,142913,4305,25
OTP,0,20140127,142951,4307,1363
OTP,0,20140127,142959,4305,75
OTP,0,20140127,142959,4304,500
OTP,0,20140127,142959,4303,1000
OTP,0,20140127,142959,4302,418
OTP,0,20140127,142959,4301,7
OTP,0,20140127,143003,4306,444
OTP,0,20140127,143012,4301,2000
OTP,0,20140127,143235,4301,1650
OTP,0,20140127,143240,4301,2000
OTP,0,20140127,143251,4301,100
OTP,0,20140127,143251,4301,20
OTP,0,20140127,143311,4301,150
OTP,0,20140127,143335,4301,443
OTP,0,20140127,143335,4300,9029
OTP,0,20140127,143335,4297,115
OTP,0,20140127,143335,4296,34
OTP,0,20140127,143340,4298,660
OTP,0,20140127,143340,4299,710
OTP,0,20140127,143340,4300,628
OTP,0,20140127,143340,4300,1418
OTP,0,20140127,143342,4300,904
OTP,0,20140127,143342,4300,277
OTP,0,20140127,143342,4300,291
OTP,0,20140127,143342,4300,389
OTP,0,20140127,143342,4300,780
OTP,0,20140127,143409,4301,681
OTP,0,20140127,143412,4301,20
OTP,0,20140127,143423,4301,2000
OTP,0,20140127,143427,4301,800
OTP,0,20140127,143427,4301,100
OTP,0,20140127,143432,4301,372
OTP,0,20140127,143449,4306,250
OTP,0,20140127,143513,4306,22
OTP,0,20140127,143817,4303,5000
OTP,0,20140127,143921,4306,120
OTP,0,20140127,143957,4303,500
OTP,0,20140127,144127,4302,991
OTP,0,20140127,144212,4302,609
OTP,0,20140127,144226,4303,41
OTP,0,20140127,144226,4306,117
OTP,0,20140127,144226,4308,775
OTP,0,20140127,144226,4309,567
OTP,0,20140127,144253,4308,2000
OTP,0,20140127,144315,4308,69
OTP,0,20140127,144315,4310,231
OTP,0,20140127,144425,4304,600
OTP,0,20140127,144627,4309,20
OTP,0,20140127,144704,4303,50
OTP,0,20140127,144804,4303,10
OTP,0,20140127,145242,4303,390
OTP,0,20140127,145245,4301,2738
OTP,0,20140127,145305,4301,12
OTP,0,20140127,145417,4301,3656
OTP,0,20140127,145447,4300,600
OTP,0,20140127,145447,4300,2500
OTP,0,20140127,145454,4301,1229
OTP,0,20140127,145458,4300,40
OTP,0,20140127,145504,4301,500
OTP,0,20140127,145505,4300,980
OTP,0,20140127,145510,4301,329
OTP,0,20140127,145510,4301,171
OTP,0,20140127,145534,4300,200
OTP,0,20140127,145552,4300,2000
OTP,0,20140127,145635,4301,397
OTP,0,20140127,145638,4301,200
OTP,0,20140127,145732,4300,365
OTP,0,20140127,145739,4301,59
OTP,0,20140127,150328,4303,300
OTP,0,20140127,150434,4303,100
OTP,0,20140127,150616,4303,630
OTP,0,20140127,150712,4302,110
OTP,0,20140127,150715,4301,1400
OTP,0,20140127,150720,4300,971
OTP,0,20140127,150731,4303,182
OTP,0,20140127,150744,4300,600
OTP,0,20140127,150801,4300,1000
OTP,0,20140127,150902,4303,140
OTP,0,20140127,151217,4303,302
OTP,0,20140127,151418,4303,698
OTP,0,20140127,151420,4302,210
OTP,0,20140127,151422,4301,400
OTP,0,20140127,151425,4300,1388
OTP,0,20140127,151442,4300,1000
OTP,0,20140127,151627,4302,1000
OTP,0,20140127,151742,4302,1000
OTP,0,20140127,151808,4302,2000
OTP,0,20140127,151855,4302,1447
OTP,0,20140127,152025,4305,50
OTP,0,20140127,152154,4304,1000
OTP,0,20140127,152208,4305,500
OTP,0,20140127,152222,4304,2105
OTP,0,20140127,152227,4304,148
OTP,0,20140127,152446,4305,6
OTP,0,20140127,152506,4306,352
OTP,0,20140127,152552,4305,1000
OTP,0,20140127,152651,4306,200
OTP,0,20140127,152723,4305,10
OTP,0,20140127,153037,4305,90
OTP,0,20140127,153039,4304,6
OTP,0,20140127,153102,4304,372
OTP,0,20140127,153112,4304,22
OTP,0,20140127,153114,4302,1553
OTP,0,20140127,153115,4301,1157
OTP,0,20140127,153119,4301,443
OTP,0,20140127,153120,4300,4359
OTP,0,20140127,153120,4300,902
OTP,0,20140127,153121,4300,865
OTP,0,20140127,153121,4300,1600
OTP,0,20140127,153127,4300,210
OTP,0,20140127,153128,4300,677
OTP,0,20140127,153128,4300,885
OTP,0,20140127,153134,4300,1000
OTP,0,20140127,153202,4300,1000
OTP,0,20140127,153203,4300,722
OTP,0,20140127,153234,4301,600
OTP,0,20140127,153356,4305,14
OTP,0,20140127,153356,4305,715
OTP,0,20140127,153410,4305,450
OTP,0,20140127,153453,4305,99
OTP,0,20140127,153556,4305,1000
OTP,0,20140127,153557,4302,1066
OTP,0,20140127,153913,4305,50
OTP,0,20140127,153932,4305,300
OTP,0,20140127,154036,4303,2000
OTP,0,20140127,154055,4305,50
OTP,0,20140127,154111,4302,644
OTP,0,20140127,154135,4302,64
OTP,0,20140127,154137,4302,1136
OTP,0,20140127,154138,4302,64
OTP,0,20140127,154138,4303,4451
OTP,0,20140127,154138,4304,685
OTP,0,20140127,154138,4301,431
OTP,0,20140127,154139,4301,855
OTP,0,20140127,154150,4301,1000
OTP,0,20140127,154203,4301,600
OTP,0,20140127,154203,4301,114
OTP,0,20140127,154215,4302,1000
OTP,0,20140127,154225,4301,91
OTP,0,20140127,154226,4301,100
OTP,0,20140127,154244,4301,50
OTP,0,20140127,154246,4301,100
OTP,0,20140127,154247,4300,763
OTP,0,20140127,154250,4301,100
OTP,0,20140127,154301,4300,400
OTP,0,20140127,154331,4300,210
OTP,0,20140127,154339,4301,515
OTP,0,20140127,154343,4301,1000
OTP,0,20140127,154345,4300,1676
OTP,0,20140127,154346,4300,976
OTP,0,20140127,154358,4301,6
OTP,0,20140127,154406,4301,744
OTP,0,20140127,154407,4301,256
OTP,0,20140127,154435,4301,400
OTP,0,20140127,154447,4301,675
OTP,0,20140127,154506,4301,400
OTP,0,20140127,154518,4300,4462
OTP,0,20140127,154519,4300,1736
OTP,0,20140127,154519,4300,2262
OTP,0,20140127,154528,4300,1000
OTP,0,20140127,154530,4300,815
OTP,0,20140127,154531,4300,1000
OTP,0,20140127,154544,4300,70
OTP,0,20140127,154623,4300,1000
OTP,0,20140127,154646,4300,600
OTP,0,20140127,154709,4300,2000
OTP,0,20140127,154709,4300,191
OTP,0,20140127,154710,4300,1167
OTP,0,20140127,154710,4300,2225
OTP,0,20140127,154745,4301,500
OTP,0,20140127,154842,4300,1302
OTP,0,20140127,154843,4300,1055
OTP,0,20140127,154902,4300,110
OTP,0,20140127,154903,4301,3000
OTP,0,20140127,154921,4300,547
OTP,0,20140127,154923,4300,1000
OTP,0,20140127,154949,4301,400
OTP,0,20140127,155005,4300,2000
OTP,0,20140127,155128,4301,70
OTP,0,20140127,155149,4301,250
OTP,0,20140127,155232,4300,400
OTP,0,20140127,155308,4300,200
OTP,0,20140127,155357,4300,1183
OTP,0,20140127,155412,4301,50
OTP,0,20140127,155435,4300,50
OTP,0,20140127,155501,4300,1000
OTP,0,20140127,155542,4300,719
OTP,0,20140127,155548,4301,400
OTP,0,20140127,155600,4301,200
OTP,0,20140127,155604,4301,200
OTP,0,20140127,155631,4301,1700
OTP,0,20140127,155639,4301,2000
OTP,0,20140127,155646,4300,5
OTP,0,20140127,155727,4301,50
OTP,0,20140127,155734,4300,2000
OTP,0,20140127,155740,4301,400
OTP,0,20140127,155741,4301,2898
OTP,0,20140127,155741,4301,1282
OTP,0,20140127,155742,4301,820
OTP,0,20140127,155752,4301,150
OTP,0,20140127,155819,4301,192
OTP,0,20140127,155833,4301,3293
OTP,0,20140127,155833,4301,1435
OTP,0,20140127,155833,4301,272
OTP,0,20140127,155933,4300,1000
OTP,0,20140127,155947,4300,1000
OTP,0,20140127,160003,4300,7541
OTP,0,20140127,160257,4300,1156
OTP,0,20140127,160452,4301,500
OTP,0,20140127,160512,4300,1094
OTP,0,20140127,160532,4300,3023
OTP,0,20140127,160539,4300,160
OTP,0,20140127,160541,4301,50
OTP,0,20140127,160548,4300,11361
OTP,0,20140127,160550,4300,6306
OTP,0,20140127,160553,4300,3694
OTP,0,20140127,160611,4299,1730
OTP,0,20140127,160611,4300,10000
OTP,0,20140127,160611,4300,1222
OTP,0,20140127,160612,4300,1010
OTP,0,20140127,160616,4300,5000
OTP,0,20140127,160616,4300,4949
OTP,0,20140127,160620,4300,800
OTP,0,20140127,160628,4300,5289
OTP,0,20140127,160651,4300,450
OTP,0,20140127,160655,4300,2000
OTP,0,20140127,160659,4300,5656
OTP,0,20140127,160700,4300,4732
OTP,0,20140127,160714,4300,1000
OTP,0,20140127,160716,4300,2000
OTP,0,20140127,160718,4300,5000
OTP,0,20140127,160724,4301,3
OTP,0,20140127,160727,4300,1116
OTP,0,20140127,160733,4300,146
OTP,0,20140127,160817,4296,22
OTP,0,20140127,160925,4298,1000
OTP,0,20140127,160942,4296,378
OTP,0,20140127,160946,4297,1000
OTP,0,20140127,160947,4295,1018
OTP,0,20140127,160947,4294,982
OTP,0,20140127,161013,4294,4175
OTP,0,20140127,161015,4294,243
OTP,0,20140127,161015,4292,400
OTP,0,20140127,161025,4291,1000
OTP,0,20140127,161025,4291,6
OTP,0,20140127,161025,4290,194
OTP,0,20140127,161036,4290,1000
OTP,0,20140127,161037,4290,934
OTP,0,20140127,161041,4290,66
OTP,0,20140127,161045,4296,508
OTP,0,20140127,161104,4290,30
OTP,0,20140127,161123,4288,310
OTP,0,20140127,161140,4290,6
OTP,0,20140127,161219,4288,50
OTP,0,20140127,161243,4288,200
OTP,0,20140127,161257,4288,190
OTP,0,20140127,161258,4285,416
OTP,0,20140127,161300,4284,482
OTP,0,20140127,161304,4282,220
OTP,0,20140127,161305,4281,80
OTP,0,20140127,161308,4281,280
OTP,0,20140127,161308,4280,720
OTP,0,20140127,161318,4280,2400
OTP,0,20140127,161342,4280,1026
OTP,0,20140127,161343,4280,7186
OTP,0,20140127,161443,4280,872
OTP,0,20140127,161500,4280,360
OTP,0,20140127,161502,4287,350
OTP,0,20140127,161516,4280,373
OTP,0,20140127,161518,4280,100
OTP,0,20140127,161518,4280,2470
OTP,0,20140127,161534,4275,382
OTP,0,20140127,161534,4274,82
OTP,0,20140127,161534,4271,980
OTP,0,20140127,161534,4270,3374
OTP,0,20140127,161536,4270,176
OTP,0,20140127,161542,4270,176
OTP,0,20140127,161557,4270,1056
OTP,0,20140127,161603,4270,2000
OTP,0,20140127,161605,4279,53
OTP,0,20140127,161616,4270,1000
OTP,0,20140127,161622,4270,153
OTP,0,20140127,161627,4270,385
OTP,0,20140127,161627,4268,627
OTP,0,20140127,161627,4266,100
OTP,0,20140127,161627,4265,90
OTP,0,20140127,161628,4263,650
OTP,0,20140127,161631,4265,500
OTP,0,20140127,161632,4262,800
OTP,0,20140127,161633,4265,100
OTP,0,20140127,161634,4262,820
OTP,0,20140127,161651,4265,800
OTP,0,20140127,161701,4265,10
OTP,0,20140127,161703,4265,33
OTP,0,20140127,161717,4265,20
OTP,0,20140127,161725,4265,435
OTP,0,20140127,161740,4263,176
OTP,0,20140127,161803,4263,14
OTP,0,20140127,161803,4261,86
OTP,0,20140127,161804,4265,25
OTP,0,20140127,161842,4261,1098
OTP,0,20140127,161851,4263,1000
OTP,0,20140127,161954,4264,200
OTP,0,20140127,162045,4263,100
OTP,0,20140127,162107,4262,442
OTP,0,20140127,162108,4261,1938
OTP,0,20140127,162112,4260,300
OTP,0,20140127,162114,4261,100
OTP,0,20140127,162120,4261,100
OTP,0,20140127,162127,4260,458
OTP,0,20140127,162137,4260,2000
OTP,0,20140127,162150,4261,4
OTP,0,20140127,162151,4261,396
OTP,0,20140127,162206,4264,40
OTP,0,20140127,162217,4260,100
OTP,0,20140127,162227,4260,1077
OTP,0,20140127,162233,4260,200
OTP,0,20140127,162234,4260,5000
OTP,0,20140127,162235,4260,366
OTP,0,20140127,162236,4260,1474
OTP,0,20140127,162239,4258,150
OTP,0,20140127,162239,4257,85
OTP,0,20140127,162239,4255,65
OTP,0,20140127,162239,4255,70
OTP,0,20140127,162239,4255,930
OTP,0,20140127,162239,4255,493
OTP,0,20140127,162239,4253,18
OTP,0,20140127,162239,4252,82
OTP,0,20140127,162239,4251,3637
OTP,0,20140127,162241,4260,20
OTP,0,20140127,162242,4261,770
OTP,0,20140127,162244,4251,1632
OTP,0,20140127,162306,4258,200
OTP,0,20140127,162306,4259,300
OTP,0,20140127,162314,4253,300
OTP,0,20140127,162314,4252,310
OTP,0,20140127,162314,4251,252
OTP,0,20140127,162314,4250,838
OTP,0,20140127,162424,4255,50
OTP,0,20140127,162445,4255,100
OTP,0,20140127,162446,4252,176
OTP,0,20140127,162512,4252,24
OTP,0,20140127,162512,4251,932
OTP,0,20140127,162524,4250,1092
OTP,0,20140127,162527,4250,176
OTP,0,20140127,162527,4250,20
OTP,0,20140127,162551,4254,100
OTP,0,20140127,162554,4251,100
OTP,0,20140127,162554,4250,200
OTP,0,20140127,162621,4251,2000
OTP,0,20140127,162621,4250,3830
OTP,0,20140127,162637,4252,50
OTP,0,20140127,162637,4250,126
OTP,0,20140127,162650,4254,90
OTP,0,20140127,162656,4251,100
OTP,0,20140127,162656,4250,250
OTP,0,20140127,162656,4254,959
OTP,0,20140127,162656,4255,223
OTP,0,20140127,162657,4255,655
OTP,0,20140127,162801,4256,2
OTP,0,20140127,162809,4255,200
OTP,0,20140127,162813,4256,1500
OTP,0,20140127,162909,4256,426
OTP,0,20140127,162941,4256,387
OTP,0,20140127,162945,4255,28
OTP,0,20140127,163005,4252,300
OTP,0,20140127,163009,4251,448
OTP,0,20140127,163009,4251,238
OTP,0,20140127,163013,4254,52
OTP,0,20140127,163014,4254,28
OTP,0,20140127,163019,4251,500
OTP,0,20140127,163021,4251,500
OTP,0,20140127,163100,4251,500
OTP,0,20140127,163120,4260,160
OTP,0,20140127,163138,4260,50
OTP,0,20140127,163156,4260,20
OTP,0,20140127,163229,4260,25
OTP,0,20140127,163229,4260,373
OTP,0,20140127,163356,4260,2
OTP,0,20140127,163357,4256,400
OTP,0,20140127,163358,4255,40
OTP,0,20140127,163423,4256,40
OTP,0,20140127,163447,4256,65
OTP,0,20140127,163450,4254,20
OTP,0,20140127,163458,4254,400
OTP,0,20140127,163520,4256,100
OTP,0,20140127,163546,4255,500
OTP,0,20140127,163547,4254,80
OTP,0,20140127,163548,4255,88
OTP,0,20140127,163552,4253,400
OTP,0,20140127,163603,4255,500
OTP,0,20140127,163615,4255,10
OTP,0,20140127,163652,4255,20
OTP,0,20140127,163702,4255,604
OTP,0,20140127,163705,4255,10
OTP,0,20140127,163710,4254,50
OTP,0,20140127,163710,4252,900
OTP,0,20140127,163710,4251,1050
OTP,0,20140127,163717,4251,737
OTP,0,20140127,163717,4250,30543
OTP,0,20140127,163719,4250,183
OTP,0,20140127,163719,4249,12
OTP,0,20140127,163719,4248,10
OTP,0,20140127,163720,4250,317
OTP,0,20140127,163721,4245,360
OTP,0,20140127,163722,4250,801
OTP,0,20140127,163723,4245,206
OTP,0,20140127,163730,4250,500
OTP,0,20140127,163742,4248,1000
OTP,0,20140127,163756,4249,1000
OTP,0,20140127,163759,4251,3
OTP,0,20140127,163807,4250,62
OTP,0,20140127,163807,4248,63
OTP,0,20140127,163812,4250,500
OTP,0,20140127,163825,4250,200
OTP,0,20140127,163851,4251,247
OTP,0,20140127,163851,4252,3
OTP,0,20140127,163852,4250,322
OTP,0,20140127,163857,4250,678
OTP,0,20140127,163905,4250,3000
OTP,0,20140127,163920,4252,243
OTP,0,20140127,163922,4250,383
OTP,0,20140127,163923,4250,83
OTP,0,20140127,163924,4250,34
OTP,0,20140127,163925,4250,733
OTP,0,20140127,163931,4250,100
OTP,0,20140127,163933,4251,2000
OTP,0,20140127,164027,4251,82
OTP,0,20140127,164029,4250,1949
OTP,0,20140127,164032,4250,216
OTP,0,20140127,164034,4249,863
OTP,0,20140127,164035,4249,189
OTP,0,20140127,164037,4248,1071
OTP,0,20140127,164204,4258,500
OTP,0,20140127,164227,4250,253
OTP,0,20140127,164250,4257,434
OTP,0,20140127,164254,4257,353
OTP,0,20140127,164254,4258,131
OTP,0,20140127,164340,4255,40
OTP,0,20140127,164344,4255,50
OTP,0,20140127,164429,4255,110
OTP,0,20140127,164434,4258,76
OTP,0,20140127,164438,4259,294
OTP,0,20140127,164443,4259,206
OTP,0,20140127,164452,4261,789
OTP,0,20140127,164505,4266,300
OTP,0,20140127,164513,4265,150
OTP,0,20140127,164539,4265,2
OTP,0,20140127,164602,4265,50
OTP,0,20140127,164605,4265,148
OTP,0,20140127,164609,4266,332
OTP,0,20140127,164638,4266,503
OTP,0,20140127,164638,4268,530
OTP,0,20140127,164638,4269,967
OTP,0,20140127,164642,4265,30000
OTP,0,20140127,164648,4271,1017
OTP,0,20140127,164711,4270,110
OTP,0,20140127,164718,4270,500
OTP,0,20140127,164734,4270,10
OTP,0,20140127,164756,4270,666
OTP,0,20140127,164807,4270,10
OTP,0,20140127,164827,4270,500
OTP,0,20140127,164831,4270,100
OTP,0,20140127,164842,4269,500
OTP,0,20140127,164917,4269,400
OTP,0,20140127,164921,4269,500
OTP,0,20140127,164929,4269,50
OTP,0,20140127,164937,4269,50
OTP,0,20140127,164937,4270,20
OTP,0,20140127,164938,4270,10
OTP,0,20140127,164956,4275,250
OTP,0,20140127,165032,4273,30
OTP,0,20140127,165058,4274,786
OTP,0,20140127,165102,4277,200
OTP,0,20140127,165102,4273,17
OTP,0,20140127,165102,4270,50
OTP,0,20140127,165102,4268,433
OTP,0,20140127,165102,4277,80
OTP,0,20140127,165151,4274,100
OTP,0,20140127,165154,4274,617
OTP,0,20140127,165154,4274,66
OTP,0,20140127,165207,4275,100
OTP,0,20140127,165222,4275,50
OTP,0,20140127,165227,4274,317
OTP,0,20140127,165228,4271,483
OTP,0,20140127,165231,4270,809
OTP,0,20140127,165232,4268,1240
OTP,0,20140127,165242,4273,45
OTP,0,20140127,165304,4269,50
OTP,0,20140127,165311,4269,400
OTP,0,20140127,165319,4269,498
OTP,0,20140127,165326,4268,246
OTP,0,20140127,165338,4269,5
OTP,0,20140127,165338,4268,81
OTP,0,20140127,165351,4267,50
OTP,0,20140127,165357,4268,557
OTP,0,20140127,165402,4267,450
OTP,0,20140127,165402,4266,520
OTP,0,20140127,165402,4266,30
OTP,0,20140127,165402,4273,70
OTP,0,20140127,165434,4269,300
OTP,0,20140127,165448,4263,25
OTP,0,20140127,165451,4269,300
OTP,0,20140127,165507,4269,200
OTP,0,20140127,165513,4263,100
OTP,0,20140127,165514,4263,200
OTP,0,20140127,165514,4268,300
OTP,0,20140127,165514,4263,400
OTP,0,20140127,165514,4263,30
OTP,0,20140127,165515,4268,52
OTP,0,20140127,165515,4263,725
OTP,0,20140127,165515,4261,112
OTP,0,20140127,165515,4260,863
OTP,0,20140127,165515,4268,150
OTP,0,20140127,165529,4260,355
OTP,0,20140127,165557,4261,296
OTP,0,20140127,165559,4260,1552
OTP,0,20140127,165603,4259,294
OTP,0,20140127,165614,4259,55
OTP,0,20140127,165615,4257,15400
OTP,0,20140127,165626,4255,20
OTP,0,20140127,165627,4255,50
OTP,0,20140127,165627,4255,1
OTP,0,20140127,165628,4255,130
OTP,0,20140127,165628,4255,192
OTP,0,20140127,165629,4259,18
OTP,0,20140127,165645,4259,8
OTP,0,20140127,165654,4256,189
OTP,0,20140127,165718,4257,328
OTP,0,20140127,165718,4258,672
OTP,0,20140127,165725,4256,111
OTP,0,20140127,165725,4255,389
OTP,0,20140127,165730,4255,268
OTP,0,20140127,165732,4255,232
OTP,0,20140127,165732,4257,768
OTP,0,20140127,165739,4254,12
OTP,0,20140127,165739,4253,164
OTP,0,20140127,165748,4257,100
OTP,0,20140127,165751,4253,100
OTP,0,20140127,165753,4257,143
OTP,0,20140127,165754,4257,357
OTP,0,20140127,165805,4269,50
OTP,0,20140127,165805,4270,250
OTP,0,20140127,165828,4258,750
OTP,0,20140127,165843,4269,1
OTP,0,20140127,165845,4260,450
OTP,0,20140127,165856,4256,947
OTP,0,20140127,165910,4260,27
OTP,0,20140127,165914,4269,1736
OTP,0,20140127,165914,4271,264
OTP,0,20140127,165929,4268,100
OTP,0,20140127,165937,4268,100
OTP,0,20140127,165942,4260,73
OTP,0,20140127,165944,4260,7
OTP,0,20140127,165944,4257,19
OTP,0,20140127,165947,4256,806
OTP,0,20140127,165947,4256,174
OTP,0,20140127,170513,4250,86034
